2910 3518
405 777 635 900 Cum
679 830 847 893 edita
898 847 1106 909 nuper
1143 841 1579 903 monumenta,
1645 827 1894 888 scholae
1940 841 2190 888 nostrae
2229 826 2427 888 histo·

401 953 557 1010 riam
600 920 1016 1023 illustrantia,¹
1064 960 1160 1007 ex'
1204 949 1379 1006 omni
1437 949 1809 1026 antiquitate
1867 946 2057 1021 hujus
2125 948 2424 1020 instituti,

405 1076 713 1147 quantum
746 1066 884 1126 fieri
941 1069 1181 1145 potuit,
1250 1065 1587 1144 diligenter
1644 1066 2029 1144 colligerem,
2061 1068 2112 1139 ¹)
2172 1078 2244 1123 ut
2292 1085 2426 1123 non

401 1197 646 1243 tantum
714 1182 1133 1243 satisfacerem
1199 1183 1535 1243 lectoribus
1604 1182 1827 1241 harum
1887 1202 2096 1261 rerum
2156 1182 2425 1262 cupidiS,

400 1302 772 1384 echolaeque
812 1316 1062 1361 nostrae
1090 1302 1465 1380 fauentibus
1478 1324 1497 1373 3
1562 1299 1673 1359 sed
1720 1300 1882 1359 mihi
1924 1321 2177 1379 quoque
2220 1302 2425 1360 muni-

398 1439 528 1481 rem
559 1421 754 1492 viam,
783 1440 950 1499 qua,
984 1393 1163 1499 *quos*
1195 1420 1386 1478 velim
1423 1417 2095 1493 commendatissimos,
2145 1421 2426 1477 utrius-

398 1559 539 1616 que
580 1535 881 1596 ordinis
926 1535 1234 1598 scholae
1268 1549 1573 1598 nostrae
1609 1536 2010 1612 Alumnos‚
2050 1536 2223 1617 apud
2249 1539 2420 1613 alios,

392 1657 593 1724 ,tutius
642 1661 856 1742 juvare
917 1668 1169 1736 possem
1228 1658 1550 1737 precibus:
1620 1654 1833 1713 multis
1888 1656 2065 1714 libris
2128 1656 2420 1736 perlectis

396 1775 467 1833 in
528 1795 672 1832 eum
712 1795 966 1852 quoque
1007 1775 1208 1833 incidi
1246 1775 1484 1846 locum,
1512 1776 1564 1847 ²)
1627 1794 1755 1851 quo
1807 1788 2319 1834 commemoratos
2361 1789 2422 1834 et

395 1894 859 1972 comparatione
912 1897 1282 1968 conjunctos
1332 1911 1478 1950 cum
1534 1891 1784 1951 scholae
1852 1892 2144 1952 Alumnis
2212 1896 2419 1974 reperi

392 2032 622 2094 pueros
664 1986 971 2071 Romanis
1005 2010 1206 2071 dictos
1247 2011 1710 2071 Alimentarios.

465 2211 470 2215 ἱ
544 2128 648 2189 Ne
687 2131 885 2210 igitur
922 2130 1112 2208 plane
1151 2131 1504 2208 relinquam
1548 2142 1611 2189 et
1653 2130 1867 2188 aetatis
1904 2142 1965 2188 et
2008 2129 2256 2190 scholae
2307 2153 2457 2191 no·-

394 2243 552 2306 §trae
585 2246 1137 2321 consuetudinem,
1180 2269 1260 2307 ex
1302 2238 1425 2326 qua
1456 2247 1766 2321 ejusmodi
1797 2249 2195 2327 prolusiones
2241 2250 2421 2308 scho-

393 2366 643 2427 lasticae
679 2370 1052 2427 emittuntur
1081 2367 1279 2426 latino
1314 2386 1598 2425 sermone
1635 2368 2050 2448 conscriptae,
2106 2368 2418 2449 simulque

390 2486 470 2547 iis
504 2505 714 2566 geram
746 2506 1011 2563 morem,
1053 2487 1166 2567 qui
1197 2505 1272 2548 eo
1317 2485 1583 2548 consilio
1614 2506 1743 2547 non
1778 2507 2205 2564 communem,
2250 2489 2360 2549 sed
2384 2510 2417 2549 e

392 2626 647 2667 romana
689 2621 797 2667 aut
853 2628 1071 2689 graeca
1113 2607 1470 2668 eruditione
1512 2605 1905 2687 depromtam
1954 2609 2224 2688 cupiunt
2284 2631 2417 2668 esse

510 2783 551 2836 ¹)
579 2780 818 2826 Gedanken
845 2781 956 2826 siber
984 2782 1057 2824 das
1087 2782 1337 2825 offentliche
1367 2782 1531 2841 singen
1559 2782 1637 2825 der
1659 2781 1843 2826 Schfiler
1864 2784 1943 2826 auf
1968 2784 2052 2825 den
2075 2783 2263 2836 Gassen,
2291 2785 2419 2827 nebst

593 2859 883 2911 Nachrichten
917 2859 1011 2900 und
1038 2859 1179 2909 Bitte,
1229 2859 1316 2911 das„
1343 2858 1628 2901 Alumneum
1664 2860 1759 2902 und
1797 2861 1868 2902 die
1898 2860 2124 2901 Currende
2157 2862 2231 2903 der
2258 2861 2419 2904 Creuz·

592 2936 741 2977 schute
759 2935 1013 2978 betreffend.
1070 2920 1285 2987 Dte-«laen,
1315 2934 1443 2980 1808.
1481 2937 1684 2992 Leipzig,
1715 2936 1799 2991 bey
1830 2937 1962 2978 Wilh.
1997 2938 2150 2979 Rein.

504 3008 550 3061 ²)
579 3010 869 3055 wiliachii
896 3013 1061 3057 Oratio
1081 3014 1136 3055 de
1153 3015 1303 3069 prima
1326 3013 1573 3057 &arandae
1592 3023 1637 3056 ec
1651 3013 1786 3057 Chori
1802 3015 2022 3069 symphon.
2041 3016 2240 3056 institue.
2259 3015 2420 3056 Dresd.

596 3094 642 3127 et
664 3087 796 3142 Lips.
827 3099 941 3144 2705.
958 3106 1006 3147 p.
1028 3103 1092 3131 n.

1857 3205 1874 3239 Ἰ
