2910 3518
1455 205 1497 265 4

462 348 575 389 sua
611 326 905 396 alienam,
959 322 1326 400 vituperent
1367 333 1430 380 et
1473 320 1952 387 calumnientur,
2032 321 2118 380 Et
2153 339 2296 383 cum
2337 319 2503 378 nihil

467 427 551 485 sit
573 426 647 482 ab
670 422 845 481 omni
867 432 1044 498 parte
1068 420 1352 491 beatum;
1385 418 1567 492 nihil,
1594 416 1769 497 quod
1796 420 2001 497 possit
2030 417 2190 477 ferre
2217 418 2502 476 omnium

466 522 791 601 plausum
864 518 1024 576 alius
1078 519 1404 574 nonnullis
1453 536 1712 595 peccare
1762 515 2043 588 videtur,
2115 515 2289 594 quod
2338 514 2503 573 nihil

465 628 683 696 peccet
696 638 716 688 3
772 615 960 686 alius,
1010 611 1183 690 quod
1227 631 1372 670 cum
1415 612 1553 672 aliis
1592 632 1849 693 peccare
1886 611 2079 684 nolit3
2131 613 2290 671 alius
2330 609 2541 670 denia

469 735 625 793 que,
667 711 842 791 quod
874 730 1022 770 suae
1060 711 1293 768 rationi
1325 710 1548 770 faveat.
1626 712 1855 788 Neque
1888 711 2059 769 enim
2093 728 2310 768 omnes
2344 709 2503 769 ferre

470 821 774 891 possunt,
830 808 884 869 si
915 808 1058 886 quis
1095 807 1218 865 sibi
1246 819 1492 866 tantum
1525 827 1594 865 ac
1623 807 1832 867 Musis
1865 807 2061 880 canit,
2110 805 2211 867 vel
2242 826 2357 864 suo
2389 807 2508 869 fre-

473 921 576 967 tus
627 907 922 987 ingenie,
988 904 1255 963 aliorum
1307 926 1635 982 nunquam
1684 905 1823 963 vult
1870 906 1964 964 vti
2013 904 2279 963 consilio
2320 916 2506 982 atque
2551 966 2561 975 ,

471 1003 734 1065 iudicio,
816 1003 980 1063 Sunt
1020 1002 1218 1073 enim,
1270 1002 1384 1078 qui
1427 999 1592 1059 nihil
1635 1001 1905 1074 bonum,
1958 1000 2123 1059 nihil
2157 1015 2395 1059 rectum
2437 1020 2507 1059 ac

468 1102 709 1162 iustum
743 1112 1001 1180 putent,
1052 1097 1225 1178 quod
1271 1100 1413 1177 quis
1458 1118 1574 1157 suo
1615 1100 1908 1158 instituto
1954 1099 2336 1157 arbitratuue
2372 1118 2508 1177 per·

470 1199 718 1272 fecerit,
762 1197 876 1276 qui
919 1198 1135 1276 potius
1179 1197 1390 1255 omnia
1432 1197 1644 1276 aliquo
1689 1198 1870 1276 quasi
1900 1196 2059 1257 duce
2087 1198 2343 1276 praevio
2371 1217 2508 1276 per-

472 1309 605 1355 acta
639 1296 919 1374 cupiant.
1000 1293 1192 1375 Quod
1228 1315 1459 1373 nempe
1493 1282 2190 1371 summorum‘virorum
2215 1295 2507 1374 exemplo

468 1393 568 1465 fit,
589 1394 641 1466 ²)
673 1392 742 1450 id
774 1392 1049 1470 legibu8‚
1092 1392 1278 1449 etiam
1303 1393 1440 1450 iure
1462 1392 1715 1466 factum,
1749 1393 2122 1471 plerumque
2146 1406 2374 1470 putant
2398 1392 2510 1450 ho·

469 1491 674 1548 mines
706 1488 945 1547 nullius
974 1489 1251 1567 exempli
1282 1502 1470 1567 atque
1495 1490 1672 1548 iuris.
1751 1490 1949 1549 Multi
1973 1509 2038 1549 se
2067 1490 2296 1548 crebris
2320 1490 2512 1547 licen-

469 1587 960 1664 tiosissimisque
1014 1586 1498 1644 excursionibus
1553 1587 1820 1645 clamant
1873 1586 2205 1666 suspendi,
2288 1589 2341 1644 si
2396 1587 2509 1664 qui

470 1696 648 1757 sunt,
691 1684 805 1761 qui
840 1683 1183 1742 scribentes
1226 1683 1392 1741 nihil
1419 1697 1648 1764 putant
1677 1703 1813 1744 esse
1851 1697 1974 1743 tam
2005 1685 2288 1763 vulgare,
2331 1682 2508 1762 quod

470 1781 550 1840 ad
593 1780 903 1838 iudicium
953 1781 1358 1859 dirigendum
1402 1782 1883 1861 augendamque
1935 1781 2312 1852 doctrinam,
2374 1801 2509 1838 non

473 1898 659 1937 suum
696 1878 818 1934 sibi
847 1878 1057 1934 locum
1091 1878 1354 1935 honeste
1390 1879 1670 1937 vindicet
1696 1880 1767 1936 in
1791 1878 2035 1940 erudita
2056 1878 2508 1958 disputatione.

628 2025 750 2083 His
804 2025 1099 2084 omnibus
1153 2026 1507 2086 satisfacere
1562 2028 1660 2086 vel
1712 2029 1782 2085 in
1837 2026 2178 2087 enarranda
2232 2030 2510 2088 Alimen-

473 2122 778 2179 tariorum
819 2125 1091 2196 ratione,
1131 2124 1233 2182 vel
1265 2125 1337 2180 in
1371 2125 1762 2203 explicandis
1806 2126 2087 2185 veterum
2132 2126 2509 2211 scriptogum

531 2304 597 2358 ῃ.)
625 2305 722 2363 Qua
748 2319 852 2348 vero
881 2307 927 2348 in
956 2319 1028 2359 re,
1057 2319 1216 2362 quant·
1244 2309 1299 2350 sit
1327 2306 1574 2350 adhibenda
1600 2310 1859 2363 prudentia,
1889 2322 2049 2366 quanta
2081 2309 2329 2365 diligentia,
2359 2324 2414 2352 ne
2444 2312 2511 2352 in·

652 2383 921 2423 considerate
950 2397 1153 2439 agamus,
1184 2395 1229 2425 vt
1249 2385 1468 2433 Horatii
1500 2401 1666 2426 seruum
1694 2403 1826 2440 pecus
1854 2398 2044 2436 taceam,
2073 2390 2172 2428 satis
2201 2389 2323 2427 docet
2348 2391 2513 2427 Auctor

645 2459 721 2498 ille
745 2462 1144 2512 praestantissimus
1171 2461 1445 2503 celeberrimi
1473 2461 1596 2503 libri:
1625 2464 1793 2505 Reisen
1820 2468 1867 2506 in
1889 2466 1965 2505 die
1988 2466 2300 2518 micetiglichen
2323 2464 2511 2504 Provin-

647 2547 725 2576 2en
752 2548 838 2576 von
862 2537 1123 2578 Frankreich
1155 2539 1280 2579 Pare·
1297 2538 1354 2579 X.
1380 2553 1488 2592 pag.
1510 2549 1600 2592 141.
1628 2537 1704 2594 qui
1732 2540 1857 2581 dicit:
1890 2541 2078 2594 Giieiger
2102 2541 2321 2581 Himmel!
2347 2542 2392 2579 in
2419 2553 2513 2579 was

646 2605 727 2665 fiir
747 2613 841 2651 eim
861 2613 992 2654 wilde
1016 2604 1335 2671 W‘irssthscltafc
1359 2612 1471 2654 kann
1499 2629 1599 2655 man
1624 2615 1749 2657 nicht
1776 2618 2015 2670 geraehen,
2044 2632 2162 2658 nomn
2187 2632 2286 2657 man
2304 2617 2382 2657 der
2397 2617 2513 2669 Spur-

652 2687 775 2726 eiues
798 2686 1044 2731 berizhmcen
1074 2691 1257 2732 Mannes
1286 2690 1513 2744 nachgehc.
1574 2690 1686 2747 Quis
1717 2706 1790 2734 me
1827 2693 1986 2736 eodem
2016 2708 2160 2736 errore
2188 2695 2358 2748 saepius
2391 2695 2514 2734 dece·

652 2770 787 2818 ptum
809 2776 900 2806 non
924 2765 1046 2807 facile
1076 2765 1262 2807 ridebit?
1292 2785 1347 2798 -
1376 2767 1433 2807 At
1456 2767 1574 2808 idem
1596 2768 1669 2810 ille
1687 2770 1870 2823 scriptor
1888 2771 2237 2824 elegantissimus
2258 2772 2285 2812 l.
2306 2771 2341 2828 ¹⁸.
2354 2784 2396 2822 p.
2413 2767 2511 2820 396.

651 2838 955 2883 liberalissime
984 2855 1158 2897 quoque
1178 2842 1225 2884 in
1248 2855 1293 2884 se
1311 2846 1500 2898 suscepit
1528 2845 1833 2889 defensionem
1856 2848 2047 2897 consilii,
2077 2849 2197 2904 quod
2215 2855 2391 2889 secum·
2408 2859 2515 2888 sum

655 2915 702 2956 in
733 2917 922 2959 clausula
959 2920 1089 2959 huius
1117 2920 1276 2970 libelli,
1305 2934 1409 2961 vsue
1439 2922 1581 2963 verbis
1609 2922 1774 2965 Probae
1799 2923 2034 2966 Falconiae.
2093 2925 2233 2966 Habet
2256 2925 2388 2978 igitur
2407 2924 2513 2967 hnc

655 2992 763 3105 nitio
782 2995 943 3049 aliquid
965 2997 1279 3049 excusationis,
1304 3012 1400 3064 nou
1421 3000 1540 3042 illiue
1567 3002 1751 3055 quidem
1771 3003 1936 3061 iustae,
1963 3002 2041 3044 ned
2060 3014 2170 3055 quae
2187 3004 2365 3062 promti
2385 3015 2515 3057 pone

654 3078 683 3106 v
702 3067 869 3110 dentur.
