2910 3518
1339 273 1413 331 23

337 380 735 453 'ornamenta
771 382 988 469 pacis.³
1042 388 1235 472 Quod
1271 390 1419 449 satis
1451 389 2013 452 luculenter‘docet
2045 391 2289 452 Plinius
2323 393 2390 450 in

322 500 325 505 ’
369 491 489 552 ista
532 490 816 550 oratione
853 488 1129 547 Traiano
1171 487 1365 546 dicta:
1413 507 1507 547 ex
1551 487 1698 562 his,
1748 489 2074 566 inquiens,
2127 501 2391 563 castra,

367 608 460 650 ex
508 577 632 647 his'
670 576 960 667 tribus-
992 579 1534 663 replebuntur,
1607 605 1704 645 ext
1749 584 1872 645 his
1926 585 2390 666 quandoque

369 696 811 756 nascentur,
892 679 1171 759 quibus
1235 678 1622 741 alimentis
1687 702 1841 741 non
1905 700 2099 760 opus
2171 684 2266 747 sit.
2298 675 2419 756 3’)*

372 780 572 866 Quod·
605 778 901 840 nonnulli
940 776 1093 837 haec
1125 778 1414 836 instituta
1455 778 1526 835 in
1567 779 1668 836 sui
1705 799 2087 858 suorumque
2124 779 2386 858 gloriam

370 887 824 941 Conseruarum:
853 877 1100 955 potius,
1154 894 1342 953 quam
1385 874 1464 933 ad
1496 875 1768 934 ciuitatis
1807 877 2159 955 populique
2190 877 2391 937 incre-

367 990 576 1046 menta
589 993 609 1050 ,’
643 974 930 1034 hoccum
951 970 1185 1032 factum
1212 973 1296 1031 sit
1325 991 1405 1031 ex
1430 991 1604 1032 more
1636 985 1823 1051 atque
1853 974 2114 1054 ingenio
2131 975 2386 1034 illorum

363 1081 739 1154 tompo'rum,
776 1089 910 1129 non
924 1068 1211 1149 impedit,
1250 1075 1380 1147 quo
1397 1071 1607 1128 minus
1624 1071 1828 1130 verbis
1838 1071 2031 1129 Plinii
2046 1053 2390 1131 subscriba-

366 1193 524 1232 mus.
601 1173 767 1228 Nam
789 1189 918 1228 non
940 1168 1143 1226 solum
1167 1168 1354 1247 pueri
1381 1181 1567 1246 atque
1597 1169 1843 1247 puellae
1874 1183 2247 1249 acceperunt
2278 1190 2390 1228 no·

365 1289 513 1332 men
535 1283 720 1329 suum
751 1286 831 1327 ex
864 1267 973 1339 iis,
1014 1282 1172 1343 quos
1194 1264 1519 1342 Principes
1552 1264 1676 1323 hoc
1699 1264 1941 1325 honore
1967 1265 2194 1345 dignos
2226 1265 2389 1326 iudi·

366 1366 616 1437 cabant,
658 1361 767 1427 sed
786 1361 941 1421 aliae
969 1378 1224 1439 quoque
1247 1378 1344 1419 res
1371 1372 1435 1419 et
1454 1361 1759 1420 instituta.
1841 1361 1943 1421 Sic
1966 1362 2233 1422 Seuerus
2263 1362 2389 1437 ille,

368 1465 481 1542 qui
499 1462 864 1520 'instituerat
883 1459 956 1517 in
981 1447 1289 1516 honorem
1310 1459 1698 1516 Mammaeae
1727 1460 1938 1517 matris
1964 1481 2192 1538 pueros
2214 1460 2391 1539 puel-

366 1562 584 1641 lasque
631 1544 1095 1618 Maminaeanos
1131 1560 1210 1614 'et
1248 1556 1739 1630 Mammaeana5‚
1804 1557 2082 1616 instituit
2134 1578 2389 1637 quoque

369 1671 531 1721 certa
558 1656 777 1738 palatii
805 1652 1100 1715 cubicula
1135 1672 1215 1714 ex
1245 1664 1439 1714 matre
1471 1651 1637 1713 dicta
1668 1655 2116 1715 Mammaeana.
2142 1659 2229 1732 ³⁴)
2306 1657 2389 1716 Et

542 1889 653 1951 qap.
676 1889 809 1931 XIII.
831 1892 1024 1944 pag.89.
1082 1886 1167 1928 Sed
1193 1899 1297 1928 eum
1324 1899 1424 1929 eam
1453 1899 1692 1941 sequamur
1718 1889 1960 1937 rationem,
1991 1900 2101 1941 quae
2127 1890 2174 1930 in
2200 1890 2390 1931 eruenda

539 1973 583 2009 et
601 1963 855 2006 illuatranda
870 1951 1127 2020 antiquitate
1147 1962 1238 2005 aola
1260 1971 1323 2004 est
1341 1962 1589 2017 probanda.
1620 1963 1787 2004 assidua
1809 1977 1971 2019 nempe
1991 1974 2190 2007 veterum
2207 1965 2390 2020 scripto-

513 2082 519 2088 ,
537 2053 641 2085 rum
662 2040 789 2083 lectio
809 2048 938 2095 atque
959 2039 1157 2090 collatio,
1186 2038 1456 2095 diligensque
1475 2033 1792 2093 contemplatio
1820 2053 1867 2082 ac
1889 2040 2115 2094 meditatio
2141 2041 2387 2096 priscorum

479 2166 482 2169 Δ
537 2102 973 2166 monumentorum,
1003 2117 1238 2158 mittamus
1260 2115 1438 2165 omnia,
1467 2129 1546 2157 ceu
1569 2115 1772 2166 ridicula,
1803 2131 1912 2171 quae
1936 2118 2003 2159 vel
2028 2119 2243 2160 memoria
2267 2131 2387 2173 vaga,

537 2178 850 2250 intempestiue
870 2192 1091 2245 consulta,
1122 2201 1287 2235 temere
1305 2189 1520 2248 suggerit,
1549 2192 1619 2233 vel
1639 2202 1815 2233 tumens
1837 2194 2091 2249 ingenium,
2117 2194 2288 2237 nubem
2309 2208 2387 2249 pto

540 2272 632 2314 Dea
652 2261 940 2327 amplexum,
967 2279 1220 2326 portentoaa
1237 2269 1471 2326 progenuit
1488 2270 1679 2324 prolixae
1697 2271 1957 2313 eruditionis
1974 2282 2184 2313 monstra.

420 2404 507 2458 55.)
535 2402 642 2444 cf.-P
655 2403 749 2443 lin.
768 2395 986 2457 Panegyr.
1008 2401 1114 2456 Cap·
1133 2404 1203 2452 28·
1220 2401 1302 2442 col.
1326 2400 1434 2455 Cap.
1448 2399 1517 2443 26.
1539 2391 1602 2435 ⁸-
1629 2403 1939 2457 alimentisque
1965 2403 2059 2444 tuis
2076 2405 2140 2445 ad
2154 2404 2386 2458 stipendia

535 2481 822 2535 peruenirent.
842 2497 897 2511 —
918 2477 1088 2521 Puellae
1107 2479 1262 2533 igitur,
1291 2491 1402 2532 quae
1421 2478 1473 2518 ad
1495 2478 1707 2533 stipendia
1727 2481 1956 2532 peruenire
1973 2493 2063 2520 non
2085 2491 2284 2535 poterant
2297 2511 2309 2532 ,
2341 2484 2385 2522 in

537 2557 691 2611 primia
709 2566 899 2611 spectare
917 2554 1094 2596 videtur
1111 2553 1245 2603 illud:
1275 2569 1331 2595 ex
1347 2555 1419 2595 his
1439 2556 1693 2610 quaudoque
1712 2567 1944 2597 nascentur
1962 2565 2039 2600 etc.

426 2686 515 2741 34.)
543 2688 597 2730 cf.
615 2688 827 2741 Lampr.
846 2686 1062 2727 Alexand.
1080 2686 1224 2729 Sever-
1245 2686 1352 2741 Cap.
1372 2697 1441 2742 25.
1499 2688 1550 2728 In
1570 2696 1750 2728 matrem
1767 2688 2118 2730 Mammaeanam
2139 2690 2263 2729 vnice
2283 2690 2386 2742 pins

530 2762 657 2824 fuit,
686 2765 782 2813 ica,
808 2772 863 2805 vc
879 2763 1049 2805 Romae
1076 2764 1123 2804 in
1148 2760 1515 2821 palaciofaceret
1542 2764 1722 2805 diaetas
1747 2767 1936 2807 nominis
1953 2768 2248 2816 mammaeae,
2276 2780 2387 2821 quas

540 2841 788 2897 imperitum
812 2839 971 2896 vulgus
994 2837 1129 2883 hodi&
1150 2840 1214 2881 ad
1230 2840 1468 2898 Mammam
1494 2849 1670 2882 vocant.
1725 2839 1863 2894 Sunt,
1892 2842 1967 2897 qui
1992 2850 2148 2896 putent
2174 2841 2220 2883 in
2253 2841 2388 2883 hortis

536 2915 866 2967 tantummodo,
895 2915 1149 2956 deliciarum
1172 2927 1295 2957 causa
1319 2916 1555 2958 aedificatas
1573 2916 1879 2968 habitationes,
1908 2917 2065 2959 diaetas
2084 2917 2244 2960 vocari.
2301 2918 2388 2960 Alii

537 2993 728 3036 diaetam
755 2982 846 3036 esse
871 2992 1181 3042 coenaculum,
1210 2993 1255 3033 in
1278 3006 1365 3048 quo
1383 3002 1540 3035 aestate
1558 2994 1611 3034 ad
1633 2995 1864 3045 vmbram,
1893 2994 2037 3035 hieme
2058 2995 2110 3035 acl
2131 2995 2271 3036 solem
2293 3008 2387 3036 coe·

534 3075 737 3115 nai-etur,
767 3070 1020 3112 auctoritate
1048 3068 1241 3121 destituti
1273 3070 1463 3110 tradunt.
1522 3070 1655 3112 Multi
1683 3063 1790 3112 sunt
1810 3072 1890 3112 loci
1910 3072 1955 3111 in
1978 3071 2178 3125 Epistolis
2201 3071 2389 3121 Plinii,
2462 3122 2466 3126 .

539 3143 700 3201 quibua
717 3152 913 3199 apparet,
941 3144 1022 3187 hoe
1039 3156 1191 3200 graeco
1212 3147 1425 3188 vocabulo
1444 3146 1555 3187 dicta
1575 3158 1692 3196 ease,
1721 3160 1835 3201 quae
1853 3148 1985 3201 vulgo
2009 3147 2221 3190 cubicula.
