2910 3518
1343 230 1418 290 53

524 350 718 414 Haud
746 366 968 412 vereor
997 368 1158 426 esse,
1209 349 1348 430 qui,
1399 342 1559 428 quae
1594 349 1757 428 dixi,
1806 351 1971 413 mihi
2013 350 2158 415 dare
2190 357 2389 418 velint

376 450 652 530 crimini2
691 450 874 529 quasi
906 448 1048 509 illos
1078 449 1398 528 antiquos,
1440 466 1600 527 quos
1620 461 1836 510 ‘tamen
1862 451 2159 530 admiror,
2203 458 2391 519 velim

374 547 706 608 excludere
750 549 926 608 omni
961 545 1232 620 honore,
1292 545 1405 605 vel'
1434 546 1507 604 in
1549 549 2038 610 contemtionem
2084 552 2393 616 adducere

361 647 774 726 antiquarum
804 648 1124 705 literarum
1162 643 1537 718 doctrinam,
1579 645 1765 724 quam
1796 646 2200 709 vehementer
2234 673 2390 728 amO,

374 757 558 823 atque
597 747 874 825 suspicio
916 764 1060 803 cum
1103 742 1426 816 omnibu5‚
1480 745 1591 821 qui
1625 746 1697 802 111
1742 746 2039 807 ornandis
2085 747 2389 812 bonarum

372 843 597 902 artium
633 842 859 902 studii-s
893 860 1146 919 operam
1175 839 1349 899 haud
1381 840 1672 899 inutilem
1705 831 2025 904 collocant.

384 936 387 939 ⁴
522 941 759 1001 Libere
807 937 1036 1014 dicam,
1068 957 1258 1019 *quae
1305 939 1535 997 sentio,
1627 938 1862 999 Omnia
1903 942 1977 1001 ab
2019 942 2387 1009 hominibus

370 1038 562 1117 vulgo
596 1038 674 1097 ad
707 1039 970 1098 salutem
1002 1037 1105 1096 vel
1135 1032 1338 1096 vnius'
1353 1038 1624 1096 ciuitatis
1655 1039 1755 1098 vel
1781 1042 1972 1101 totius
2001 1047 2247 1121 generis
2273 1046 2390 1106 hu-

368 1139 541 1197 mani
571 1138 918 1216 excogitata
953 1149 1139 1214 atque
1162 1134 1481 1207 instituta,
1520 1156 1679 1214 quae
1704 1157 1838 1195 11011
1861 1152 2117 1199 manant
2142 1164 2221 1201 ex
2249 1143 2387 1222 lege

371 1235 617 1309 diuina,
660 1234 768 1293 sed
793 1236 1085 1293 oriuntur
1106 1252 1186 1290 ex
1208 1233 1606 1310 ignoratione
1627 1255 1806 1293 verae
1832 1236 2202 1312 honestatis,
2241 1241 2387 1301 licet

367 1352 514 1411 prae
547 1341 613 1392 se
642 1330 846 1390 ferant
872 1328 1091 1392 falsam
1123 1327 1414 1388 beneficii
1444 1329 1729 1404 laudem,
1762 1351 1858 1406 ac,
1901 1334 2234 1411 splendore
2270 1357 2383 1399 suo

366 1430 777 1510 profanorum
803 1428 1138 1487 hominum
1170 1427 1446 1486 excitent
1476 1426 1980 1503 admirationem3
2021 1423 2387 1512 imperfecta

367 1542 577 1588 tamen
607 1539 781 1601 sunt,
821 1546 939 1585 nec
971 1537 1214 1605 queunt
1247 1523 1391 1585 dare
1419 1546 1629 1585 veram
1665 1527 1942 1588 salutem.
2020 1531 2277 1608 quant,
2317 1547 2387 1594 vt

366 1647 609 1687 venena
630 1622 1011 1705 quandoque
1029 1625 1247 1681 iuuare
1271 1622 1501 1698 solent,
1542 1636 1604 1682 et
1627 1624 1924 1684 virtutem
1949 1625 2230 1687 illudunt
2256 1645 2384 1692 arte

367 1723 538 1784 haud
570 1721 923 1803 probanda,
964 1741 1123 1800 quae
1153 1733 1363 1780 tamen
1388 1741 1468 1781 ex
1494 1722 1796 1799 opinione
1825 1725 2220 1802 quorundam
2249 1749 2383 1789 non

369 1843 610 1901 semper
640 1821 913 1879 dedecet.
994 1820 1159 1877 Cum
1189 1838 1338 1876 vero
1372 1821 1577 1878 omnis
1608 1822 1829 1894 virtus,
1869 1842 2015 1880 vera
2046 1836 2232 1902 atque
2252 1846 2388 1904 per-

366 1912 552 1994 fecta,
611 1921 692 1978 sit
733 1939 766 1977 a
805 1919 979 1990 Dec,
1036 1916 1428 1995 coelitusque
1470 1916 1724 1996 delapsa
1767 1932 2039 1995 nequeat
2079 1922 2215 1981 sine
2254 1926 2384 1985 Dei

367 2018 632 2079 consilio
675 2018 889 2076 viuere
938 2026 1124 2092 atque
1173 2033 1383 2093 agere3
1444 2027 1606 2092 recte
1656 2034 1906 2074 onmem
1949 2017 2381 2083 liberalitatem

365 2106 501 2177 sine
533 2113 839 2196 religione
873 2124 1161 2190 certaque
1192 2113 1598 2189 persuasione
1642 2110 1721 2171 de
1754 2113 1883 2172 Dei
1920 2114 2245 2178 voluntate
2280 2121 2380 2181 vel

266 2238 274 2243 ⁴
362 2216 623 2295 impiam
663 2211 1042 2284 iudicamuS,
1104 2209 1205 2269 vel
1242 2208 1534 2285 nihil.⁶²)
1638 2212 1847 2292 Quare
1893 2212 2079 2272 etiam
2120 2216 2380 2278 Traiani

418 2391 513 2448 62.)
543 2389 675 2447 Quod
693 2388 804 2431 otim
821 2387 875 2429 de
891 2384 1128 2442 splendidis
1151 2383 1275 2426 vitiis
1293 2385 1573 2428 ethnicorum
1592 2399 1616 2427 e
1634 2387 1728 2428 loco
1748 2386 1931 2430 Paulino
1951 2388 2004 2429 ad
2021 2389 2145 2431 Rom.
2159 2392 2288 2435 XIV.
2307 2405 2374 2447 23.

528 2466 646 2511 male
675 2467 893 2508 intellecto
923 2464 1007 2517 (cf.
1035 2465 1204 2517 Koppa
1227 2462 1280 2503 ad
1298 2462 1338 2506 h.
1359 2463 1416 2513 l.)
1446 2463 1720 2517 disputatum
1747 2473 1833 2513 est,
1864 2477 1944 2506 nec
1964 2466 2198 2510 defendere
2224 2472 2374 2523 velim,

525 2558 608 2588 nec
634 2545 830 2600 probare·
851 2544 1002 2596 iniqua
1030 2541 1187 2583 iudicia
1220 2552 1402 2590 eorum,
1439 2542 1542 2594 qui,
1581 2542 1786 2594 quamuis
1815 2541 1966 2585 Petrus
2002 2543 2184 2595 (Actor.
2203 2548 2261 2590 X.
2286 2550 2373 2603 35.)

524 2625 568 2665 id
600 2620 808 2670 affirmet,
846 2628 1030 2673 negant,
1068 2617 1271 2658 homines
1294 2617 1504 2658 omnium
1530 2618 1755 2673 gentium,
1788 2631 1866 2673 pro
1894 2621 2146 2676 cognitione
2176 2633 2219 2665 et
2244 2637 2375 2666 sensu

528 2714 610 2742 suo
629 2709 742 2740 recte
765 2707 965 2752 agentes,
995 2696 1090 2736 neo
1112 2693 1299 2748 probari.
1353 2691 1473 2735 Cum
1493 2680 1595 2736 vero
1617 2709 1726 2735 vuus
1748 2694 1805 2736 sit
1824 2694 1966 2746 Deus,
1995 2712 2082 2739 vna
2103 2699 2264 2749 virtus,
2293 2700 2376 2743 hoc

524 2778 573 2818 in
593 2786 804 2830 magnam
830 2785 906 2813 me
932 2771 1107 2813 adducit
1133 2770 1487 2823 solicitudinem,
1518 2770 1635 2825 quod
1657 2780 1750 2812 tam
1778 2773 1911 2813 multi
1934 2774 2021 2815 sint
2039 2773 2244 2817 homines
2263 2776 2375 2818 chri.

525 2854 671 2902 stimi,
691 2851 784 2906 qui,
805 2861 931 2890 more
956 2847 1305 2897 idololatrarum,
1324 2848 1551 2900 exemplis,
1568 2859 1661 2888 non
1680 2849 1889 2901 exemplo,
1915 2849 1966 2888 ad
1984 2850 2256 2893 imitandum
2272 2853 2375 2906 ipsis

467 2975 470 2980 ,
494 2983 496 2985 ³
526 2928 779 2986 proposito,
807 2925 946 2967 velint
965 2922 1125 2965 erudiri
1146 2935 1194 2964 nc
1211 2922 1370 2979 perfici.
1426 2923 1561 2964 Recte
1577 2932 1734 2965 monet
1752 2925 2087 2968 Kaestnerus
2115 2928 2254 2984 (l.l.p.
2270 2933 2373 2984 147.x

427 2985 450 2995 ’Δ
507 2994 732 3049 'VVieviel
760 3002 904 3047 wardo
929 3002 1008 3043 der
1035 3001 1294 3042 christliche
1314 2999 1480 3041 Glaube
1507 3000 1634 3042 nicht
1658 3004 1904 3056 gewinnen,
1934 3017 2053 3045 worm
2075 3007 2194 3046 seina
2217 3006 2374 3047 Beken.

524 3096 601 3124 ner
629 3080 763 3123 durch
788 3080 883 3122 ihre
903 3077 1199 3134 Handlungen
1219 3079 1404 3131 wie-ren,
1440 3075 1550 3137 dafi·
1579 3091 1627 3120 er
1653 3080 1702 3120 in
1721 3077 1910 3122 Absichc
1935 3077 2020 3139 auf
2050 3082 2124 3122 die
2144 3082 2376 3139 Ausiibung

2021 3176 2059 3239 5
