2910 3518
1457 254 1530 315 16

633 396 809 478 Quos
862 390 1032 451 enim
1085 387 1158 445 in
1209 386 1519 447 honorem
1570 388 2004 469 Augustorum
2055 390 2156 451 vel
2196 364 2506 473 Angusta.

468 518 609 557 rum
662 493 990 552 institutos
1040 485 1253 546 ferunt
1296 487 1632 560 Flamines,
1681 488 2044 550 Sacerdotes
2085 504 2273 570 atque
2315 490 2507 551 Soda-

467 596 694 668 les·,¹⁷)
740 590 819 651 ab
837 586 1390 650 Alimentariorum
1410 586 1703 645 instituto
1729 605 1862 647 esse
1884 588 2074 666 plane
2096 589 2360 661 alienoS,
2398 607 2508 647 ne-

532 767 621 823 ¹7·)
654 764 782 822 Quod
807 764 896 803 inm
914 760 1024 800 vidit
1044 770 1145 799 van
1167 757 1301 798 Dale
1329 759 1359 799 l.
1378 759 1406 800 l.
1438 767 1586 798 contra
1610 770 1709 809 eos,
1739 772 1849 813 quos
1868 759 1924 799 Pi
1940 760 2114 801 tiscus
2132 762 2179 801 in
2202 774 2308 802 voce
2325 761 2505 803 Sacer·

644 844 799 885 dotes
823 848 865 880 et
884 837 1312 878 Zimmermann.
1340 834 1385 876 in
1405 846 1510 876 voce
1529 831 1875 885 Consecuti,
1907 818 2010 878 snnt
2033 837 2181 879 secuti.
2239 836 2356 880 Nam
2377 837 2506 880 verbs

646 918 738 960 Viri
757 916 875 957 illius
899 912 1141 957 doctissimi
1165 920 1272 952 sunt
1290 911 1413 952 haec:
1442 912 1545 953 Non
1562 914 1734 966 reperio
1751 922 1919 962 tamen,
1948 914 2028 955 hos
2045 914 2180 955 hasu'e
2197 908 2506 955 Alimentus·-

647 993 972 1040 Faustinianas,
999 988 1255 1030 sacerdotes
1277 990 1518 1029 Faustinae
1532 986 1707 1046 fuisse:
1738 990 1855 1042 quod
1876 1000 2022 1030 tamen
2040 993 2210 1033 asserit
2229 1004 2410 1044 mugnus
2429 989 2507 1030 ille

619 1072 931 1113 literatorum
961 1066 1170 1119 princeps
1203 1063 1460 1105 Ezechiei
1487 1062 1882 1117 Spnnhemius,
1927 1066 2028 1106 dum
2065 1064 2421 1109 Antoninum
2456 1079 2505 1107 eo

646 1154 896 1203 prouectum
921 1141 1180 1183 adulatione
1200 1141 1246 1181 in
1271 1149 1482 1181 mortuam
1509 1155 1696 1200 uxorem·
1713 1140 1833 1180 dicit
1857 1157 1959 1193 pag.
1982 1153 2076 1195 209·
2096 1158 2138 1182 a.
2165 1143 2219 1182 de
2242 1143 2316 1193 luy
2345 1143 2506 1181 ordon-

651 1238 731 1268 ner
761 1220 873 1264 neuf
895 1218 1156 1266 Prusenses,
1185 1213 1401 1270 appellees
1430 1217 1483 1258 de
1508 1230 1588 1257 son
1614 1229 1726 1257 nom
1752 1216 1926 1257 Pueiiae
1953 1218 2280 1266 Faustinianae,
2308 1221 2401 1259 nisi
2427 1230 2506 1270 no·

651 1312 760 1342 uem
794 1312 874 1350 pro
908 1307 1050 1336 nouas
1079 1295 1240 1346 legerit
1272 1295 1394 1345 apud
1424 1293 1724 1346 Capitolinum
1733 1309 1748 1341 ‚·
1800 1296 1916 1347 quod
1945 1305 2090 1335 tamen
2124 1296 2230 1335 illos
2259 1310 2343 1351 '3⁴3¹‘
2381 1291 2507 1349 facit

648 1377 926 1421 Sacerdotes.
985 1375 1049 1418 Ae
1074 1371 1231 1423 paucis
1257 1371 1508 1411 interiectis
1536 1371 1616 1411 ille
1642 1371 1808 1410 demum
1835 1372 1889 1410 de
1904 1373 2014 1411 aede
2033 1373 2274 1412 Faustinae
2297 1373 2507 1425 quuitur,

655 1468 738 1497 non
764 1462 910 1492 tamen
927 1450 1095 1489 Romae
1120 1455 1366 1486 exstructa.
1423 1448 1655 1486 foeminas
1673 1447 1928 1487 sacerdotes
1948 1458 2095 1488 tamen
2114 1457 2162 1488 et
2179 1449 2345 1488 Romae
2360 1444 2510 1504 fuisse
2585 1439 2587 1441 ¹

659 1530 927 1575 Faustinae,
954 1525 1159 1578 illisque,
1188 1523 1306 1563 sicut
1325 1532 1371 1563 et
1393 1522 1655 1564 Flaminicis
1667 1551 1679 1572 ‚
1707 1524 1791 1564 has
1810 1523 2131 1566 Faustinianas
2148 1526 2406 1565 inseruio’sse
2425 1526 2511 1564 cir-

658 1623 713 1650 ca
741 1619 877 1647 sacra
898 1598 1142 1660 facienda,
1170 1599 1434 1640 crediderim
1461 1600 1606 1653 plane.
1672 1599 1762 1654 Ego
1794 1613 1896 1640 vero
1927 1601 1970 1640 id
2000 1614 2138 1655 nego,
2181 1603 2317 1640 causis
2330 1629 2342 1648 ,
2387 1609 2511 1653 pute,

650 1696 734 1727 nec
752 1678 911 1734 ine‘ptis
936 1689 1017 1718 nec
1034 1675 1234 1725 iniustis,
1263 1687 1391 1727 supra
1409 1675 1561 1716 allatis.
1586 1694 1640 1708 —
1665 1676 1727 1715 Ex
1746 1676 1816 1714 illa
1837 1685 1985 1716 autem
2008 1678 2238 1730 opinione:
2267 1678 2345 1716 hos
2364 1689 2510 1728 nempe

656 1773 813 1815 pueros
828 1758 993 1809 hasque
1009 1753 1182 1807 puellas
1201 1754 1347 1792 sacris
1361 1747 1596 1808 faciundis
1615 1754 1896 1801 inseruiisse,
1926 1762 2055 1794 natus
2080 1738 2193 1792 mihi
2221 1755 2339 1792 visus
2360 1761 2423 1792 est
2446 1764 2510 1791 er-

655 1850 729 1878 ror
751 1845 927 1881 eorum,
956 1831 1033 1887 qui
1047 1829 1340 1869 Faustinianas
1360 1840 1450 1868 esse
1469 1829 1820 1868 volueruntistss
1841 1830 2020 1883 puellas,
2051 1842 2172 1882 quas,
2204 1842 2305 1869 meo
2327 1828 2509 1882 quidem

657 1911 849 1960 iudicio,
877 1916 991 1949 tecte
1011 1917 1229 1960 pompam
1251 1904 1560 1945 sacerdotalem
1580 1903 1768 1959 legimus
1791 1905 1835 1945 in
1858 1905 1933 1946 illo
1952 1905 2114 1955 libeno,
2143 1906 2285 1946 italico
2305 1917 2511 1946 sermone

662 1984 909 2041 conscripto
945 1979 1076 2038 atque
1110 1980 1341 2035 inscriptoz
1385 1980 1669 2025 Indicazione
1703 1982 1964 2037 antiquaria
2012 1997 2089 2034 per
2117 1981 2165 2024 la
2200 1982 2322 2025 Villa
2352 1980 2515 2023 Albam·

658 2084 699 2110 u.
720 2063 815 2121 568.
836 2063 963 2104 Rom.
990 2062 1107 2115 1785.
1124 2073 1230 2111 pag.
1251 2056 1320 2100 60.
1346 2056 1421 2098 vbi
1443 2057 1568 2099 haec:
1595 2058 1718 2099 Sulla
1740 2069 1868 2112 porte
1887 2059 1991 2100 Due
2010 2060 2304 2101 Bassirilievc'
2322 2060 2374 2100 di
2390 2058 2514 2099 simil

660 2144 856 2186 maniera
868 2166 881 2188 .
910 2136 990 2191 giiz
1004 2134 1133 2190 forse
1149 2132 1203 2175 uh
1222 2135 1290 2177 sol
1304 2130 1482 2192 fregio:
1509 2145 1855 2188 rappresentano
1871 2150 1956 2177 una
1976 2137 2145 2189 Pompa
2165 2151 2242 2178 con
2260 2136 2341 2177 due
2361 2136 2514 2176 Sacer-

664 2221 843 2262 dotesse
864 2216 919 2257 ed
937 2229 1020 2256 uua
1032 2209 1283 2268 fanciulla‚
1311 2220 1432 2253 tutte
1449 2221 1519 2254 tre
1535 2211 1707 2262 velate,
1735 2212 1852 2253 altre
1870 2210 1981 2254 buon
2004 2227 2174 2255 nwnero
2192 2212 2399 2255 d'uomini
2424 2228 2446 2252 e
2462 2212 2515 2252 di

661 2299 801 2338 donne
819 2295 867 2334 in
889 2292 1113 2332 comitiua.
1169 2287 1340 2328 Omnes
1362 2300 1454 2328 esse
1472 2288 1680 2327 videntur
1698 2287 1904 2328 mulieres
1931 2289 1978 2328 in
2002 2289 2145 2329 tabula
2165 2303 2187 2328 a
2205 2289 2341 2341 Zoeg
2354 2301 2376 2329 a
2396 2288 2517 2329 exhi.

660 2374 776 2420 bita,
804 2367 857 2411 cf.
876 2367 1063 2420 specim.
1077 2366 1108 2407 Ι.
1126 2380 1232 2416 pag.
1250 2361 1309 2406 16.
1330 2358 1468 2419 infra.
1498 2384 1553 2398 -
1582 2362 1726 2416 Pergit
1746 2376 1804 2403 va
1818 2376 1846 2403 n
1868 2363 2002 2406 Dale
2025 2365 2056 2406 l.
2075 2365 2105 2405 l.
2122 2380 2230 2417 pag.
2253 2363 2345 2407 166.
2405 2366 2518 2405 Pau·

661 2452 812 2491 scinas
829 2459 1010 2496 namque
1020 2441 1283 2483 Sacerdotes
1301 2442 1540 2491 reperimus
1558 2441 1680 2491 apud
1700 2442 1789 2480 iam
1807 2442 1948 2481 toties
1970 2441 2153 2482 allatum
2168 2441 2394 2482 Gruterum
2411 2456 2515 2491 pag.

666 2537 761 2582 321.
774 2533 814 2577 5.
843 2521 919 2561 Sic
939 2530 985 2561 et
1002 2518 1152 2558 eadem
1169 2519 1340 2569 pagina
1352 2517 1561 2557 Plotinae
1570 2516 1852 2557 Sacerdotem
1863 2516 2082 2566 habemus,
2103 2521 2205 2571 quin
2219 2529 2264 2557 et
2282 2532 2348 2557 no.
2360 2529 2399 2558 2.
2414 2514 2517 2557 Fla-

666 2603 872 2644 minicam
892 2597 1116 2638 Plotinae.
1144 2593 1224 2645 (cf.
1248 2593 1281 2632 G
1294 2606 1314 2632 a
1328 2606 1384 2633 ru
1398 2592 1417 2632 f
1425 2592 1444 2633 f
1452 2591 1491 2632 ii
1509 2593 1539 2633 l.
1561 2593 1589 2634 l.
1607 2607 1713 2647 pag.
1722 2604 1763 2647 4.
1783 2590 1853 2642 6.)
1882 2593 1957 2633 Sic
1978 2607 2141 2648 quoque
2158 2594 2418 2635 Sacerdotes
2436 2594 2519 2634 ibi-

668 2679 763 2720 dem
789 2675 943 2718 Diuae
971 2672 1232 2713 Martianae
1263 2683 1317 2710 ac
1354 2683 1459 2724 pag.
1493 2674 1612 2720 1088.
1646 2680 1710 2712 11.
1767 2671 2012 2711 Faustinae
2032 2671 2166 2712 'simul
2191 2684 2248 2711 ac
2272 2668 2517 2713 stlatidiae.

664 2753 832 2798 Nullas
852 2760 998 2793 tamen
1016 2749 1253 2802 reperimus
1273 2747 1453 2789 Puellas
1466 2747 1754 2790 Plotiuianas
1770 2748 2150 2789 aucMarciauas:
2181 2749 2380 2803 quamuis
2399 2750 2522 2803 ipsa-

667 2847 760 2874 rum
780 2827 1039 2870 sacerdotes
1059 2839 1113 2866 ac
1127 2825 1398 2865 Flaminia-as
1422 2825 1703 2865 inueniamus.
1767 2809 1897 2878 Quod
1920 2824 2028 2865 licet
2051 2826 2121 2866 ita
2143 2834 2287 2872 esset,
2316 2838 2398 2864 non
2419 2825 2521 2863 inde

665 2910 917 2961 sequeretur
928 2901 1108 2944 Puellas
1126 2902 1247 2942 istas
1263 2902 1356 2941 siue
1370 2901 1703 2948 Faustinianas,
1731 2901 1775 2938 si
1780 2914 1828 2938 ae
1840 2901 2184 2948 Mammaeanas,
2206 2901 2296 2939 siue
2315 2910 2359 2939 et
2382 2900 2522 2940 Ploti-

667 2988 827 3025 nianas
843 2990 925 3022 aut
937 2979 1198 3020 Marcianas
1214 2977 1478 3018 Sacerdotes
1494 2979 1680 3017 istarum
1693 2978 1914 3017 Dium-um
1927 2974 2089 3031 fuisse.
2148 2975 2263 3015 Haec
2282 2990 2363 3015 van
2382 2977 2418 3015 D
2431 2991 2450 3015 a
2464 2979 2475 3016 1
2487 2991 2521 3016 e.

665 3057 877 3100 Ceterum
894 3054 1109 3097 nouimus
1132 3066 1155 3092 e
1175 3053 1349 3094 Dione
1370 3053 1495 3093 XLI.
1518 3051 1558 3094 6.
1617 3053 1828 3105 Pompeio
1849 3055 2048 3104 primum
2074 3050 2206 3092 fuisse
2223 3052 2521 3095 sacrificatum.

664 3136 790 3178 Tum
801 3132 956 3173 Caesar
971 3131 1108 3171 factus
1124 3138 1188 3170 est
1201 3143 1347 3169 nouus
1360 3129 1492 3177 Deus,
1512 3129 1563 3169 cf.
1578 3129 1679 3169 Dio
1692 3127 1726 3173 C
1740 3142 1760 3168 a
1771 3142 1789 3168 s
1803 3142 1834 3168 s.
1858 3129 2027 3170 XLIV.
2040 3138 2105 3183 51.
2116 3130 2263 3171 XLV.
2275 3142 2310 3184 7.
2325 3132 2412 3171 XL
2424 3132 2520 3171 VII.
