<?xml version="1.0" encoding="UTF-8"?>
<!DOCTYPE html PUBLIC "-//W3C//DTD XHTML 1.0 Transitional//EN"
    "http://www.w3.org/TR/xhtml1/DTD/xhtml1-transitional.dtd">
<html xmlns="http://www.w3.org/1999/xhtml" xml:lang="en" lang="en">
 <head>
  <title>
</title>
<meta http-equiv="Content-Type" content="text/html;charset=utf-8" />
  <meta name='ocr-system' content='tesseract 3.04.00' />
  <meta name='ocr-capabilities' content='ocr_page ocr_carea ocr_par ocr_line ocrx_word'/>
</head>
<body>
  <div class='ocr_page' id='page_1' title='image "4777056_0016.png"; bbox 0 0 2910 3518; ppageno 0'>
   <div class='ocr_carea' id='block_1_1' title="bbox 1426 238 1473 299">
    <p class='ocr_par' dir='ltr' id='par_1_1' title="bbox 1426 238 1473 299">
     <span class='ocr_line' id='line_1_1' title="bbox 1426 238 1473 299; baseline 0 0"><span class='ocrx_word' id='word_1_1' title='bbox 1426 238 1473 299; x_wconf 84' lang='lat'><strong><em>6</em></strong></span> 
     </span>
    </p>
   </div>
   <div class='ocr_carea' id='block_1_2' title="bbox 429 393 2558 474">
    <p class='ocr_par' dir='ltr' id='par_1_2' title="bbox 429 393 2558 474">
     <span class='ocr_line' id='line_1_2' title="bbox 429 393 2558 474; baseline -0.001 -18"><span class='ocrx_word' id='word_1_2' title='bbox 429 397 503 457; x_wconf 89' lang='lat' dir='ltr'><strong>ni</strong></span> <span class='ocrx_word' id='word_1_3' title='bbox 532 395 742 469; x_wconf 85' lang='lat' dir='ltr'><strong>fallor,</strong></span> <span class='ocrx_word' id='word_1_4' title='bbox 801 394 993 474; x_wconf 85' lang='lat' dir='ltr'><strong>paulo</strong></span> <span class='ocrx_word' id='word_1_5' title='bbox 1030 394 1377 453; x_wconf 81' lang='lat' dir='ltr'><strong>accuratius</strong></span> <span class='ocrx_word' id='word_1_6' title='bbox 1405 393 1675 472; x_wconf 83' lang='lat' dir='ltr'><strong>legimus</strong></span> <span class='ocrx_word' id='word_1_7' title='bbox 1710 405 2053 465; x_wconf 80' lang='lat' dir='ltr'><strong>enarratam</strong></span> <span class='ocrx_word' id='word_1_8' title='bbox 2076 416 2110 454; x_wconf 92' lang='lat' dir='ltr'><strong>a</strong></span> <span class='ocrx_word' id='word_1_9' title='bbox 2143 396 2383 473; x_wconf 69' lang='lat' dir='ltr'><strong>Dromz,</strong></span> <span class='ocrx_word' id='word_1_10' title='bbox 2413 401 2463 474; x_wconf 81' lang='lat'><strong>⁸)</strong></span> <span class='ocrx_word' id='word_1_11' title='bbox 2552 405 2558 408; x_wconf 85' lang='grc'><em>“</em></span> 
     </span>
    </p>
   </div>
   <div class='ocr_carea' id='block_1_3' title="bbox 419 501 2539 1426">
    <p class='ocr_par' dir='ltr' id='par_1_3' title="bbox 419 501 2539 1426">
     <span class='ocr_line' id='line_1_3' title="bbox 430 501 2466 596; baseline 0.001 -22"><span class='ocrx_word' id='word_1_12' title='bbox 430 517 544 595; x_wconf 87' lang='lat' dir='ltr'><strong>qui</strong></span> <span class='ocrx_word' id='word_1_13' title='bbox 597 516 959 594; x_wconf 84' lang='lat' dir='ltr'><strong>Augustum</strong></span> <span class='ocrx_word' id='word_1_14' title='bbox 1014 514 1169 574; x_wconf 89' lang='lat' dir='ltr'><strong>dicit</strong></span> <span class='ocrx_word' id='word_1_15' title='bbox 1220 525 1450 574; x_wconf 82' lang='lat' dir='ltr'><strong>aestate</strong></span> <span class='ocrx_word' id='word_1_16' title='bbox 1493 533 1546 573; x_wconf 89' lang='lat' dir='ltr'><strong>a.</strong></span> <span class='ocrx_word' id='word_1_17' title='bbox 1585 533 1649 574; x_wconf 79' lang='lat' dir='ltr'><strong>u,</strong></span> <span class='ocrx_word' id='word_1_18' title='bbox 1696 503 2084 576; x_wconf 86' lang='lat' dir='ltr'>DCCXXV.</span> <span class='ocrx_word' id='word_1_19' title='bbox 2130 501 2466 596; x_wconf 73' lang='lat' dir='ltr'><strong>per-Grae-</strong></span> 
     </span>
     <span class='ocr_line' id='line_1_4' title="bbox 430 633 2467 716; baseline 0 -22"><span class='ocrx_word' id='word_1_20' title='bbox 430 636 590 695; x_wconf 88' lang='lat' dir='ltr'><strong>ciam</strong></span> <span class='ocrx_word' id='word_1_21' title='bbox 626 633 998 694; x_wconf 87' lang='lat' dir='ltr'><strong>redeuntem</strong></span> <span class='ocrx_word' id='word_1_22' title='bbox 1036 636 1107 693; x_wconf 90' lang='lat' dir='ltr'><strong>in</strong></span> <span class='ocrx_word' id='word_1_23' title='bbox 1141 634 1411 711; x_wconf 87' lang='lat' dir='ltr'><strong>Italiam,</strong></span> <span class='ocrx_word' id='word_1_24' title='bbox 1452 653 1597 693; x_wconf 90' lang='lat' dir='ltr'><strong>cum</strong></span> <span class='ocrx_word' id='word_1_25' title='bbox 1636 634 1930 694; x_wconf 87' lang='lat' dir='ltr'><strong>intrasset</strong></span> <span class='ocrx_word' id='word_1_26' title='bbox 1965 636 2217 712; x_wconf 84' lang='lat' dir='ltr'><strong>urbem,</strong></span> <span class='ocrx_word' id='word_1_27' title='bbox 2259 646 2467 716; x_wconf 86' lang='lat' dir='ltr'><strong>popu-</strong></span> 
     </span>
     <span class='ocr_line' id='line_1_5' title="bbox 425 727 2539 844; baseline 0 -32"><span class='ocrx_word' id='word_1_28' title='bbox 425 754 491 812; x_wconf 93' lang='lat' dir='ltr'><strong>lo</strong></span> <span class='ocrx_word' id='word_1_29' title='bbox 538 755 776 843; x_wconf 79' lang='lat' dir='ltr'><strong>viritim</strong></span> <span class='ocrx_word' id='word_1_30' title='bbox 800 752 1319 844; x_wconf 62' lang='lat' dir='ltr'><strong>=quadringentos</strong></span> <span class='ocrx_word' id='word_1_31' title='bbox 1375 746 1668 812; x_wconf 87' lang='lat' dir='ltr'><strong>nummos</strong></span> <span class='ocrx_word' id='word_1_32' title='bbox 1712 751 2031 837; x_wconf 76' lang='lat' dir='ltr'><strong>divisisset</strong></span> <span class='ocrx_word' id='word_1_33' title='bbox 2092 727 2466 833; x_wconf 79' lang='lat' dir='ltr'><strong>puberibus·</strong></span> <span class='ocrx_word' id='word_1_34' title='bbox 2534 793 2539 795; x_wconf 90' lang='lat'><em>-</em></span> 
     </span>
     <span class='ocr_line' id='line_1_6' title="bbox 429 871 2462 952; baseline 0.001 -22"><span class='ocrx_word' id='word_1_35' title='bbox 429 891 552 952; x_wconf 90' lang='lat' dir='ltr'><strong>que</strong></span> <span class='ocrx_word' id='word_1_36' title='bbox 595 874 902 951; x_wconf 85' lang='lat' dir='ltr'><strong>primum,</strong></span> <span class='ocrx_word' id='word_1_37' title='bbox 964 871 1217 933; x_wconf 45' lang='lat' dir='ltr'><strong>deindex</strong></span> <span class='ocrx_word' id='word_1_38' title='bbox 1251 873 1440 932; x_wconf 88' lang='lat' dir='ltr'><strong>etiam</strong></span> <span class='ocrx_word' id='word_1_39' title='bbox 1480 871 1697 951; x_wconf 87' lang='lat' dir='ltr'><strong>pueris</strong></span> <span class='ocrx_word' id='word_1_40' title='bbox 1740 871 1813 931; x_wconf 91' lang='lat' dir='ltr'><strong>in</strong></span> <span class='ocrx_word' id='word_1_41' title='bbox 1852 872 2113 952; x_wconf 87' lang='lat' dir='ltr'><strong>gratiam</strong></span> <span class='ocrx_word' id='word_1_42' title='bbox 2158 874 2462 947; x_wconf 87' lang='lat' dir='ltr'><strong>Marcelli,-</strong></span> 
     </span>
     <span class='ocr_line' id='line_1_7' title="bbox 426 990 2481 1070; baseline 0 -20"><span class='ocrx_word' id='word_1_43' title='bbox 426 993 656 1050; x_wconf 86' lang='lat' dir='ltr'><strong>sororis</strong></span> <span class='ocrx_word' id='word_1_44' title='bbox 674 1014 822 1050; x_wconf 84' lang='lat' dir='ltr'><strong>suae</strong></span> <span class='ocrx_word' id='word_1_45' title='bbox 838 991 973 1051; x_wconf 85' lang='lat' dir='ltr'><strong>filii.</strong></span> <span class='ocrx_word' id='word_1_46' title='bbox 1007 993 1365 1063; x_wconf 86' lang='lat' dir='ltr'><strong>Caesarum,</strong></span> <span class='ocrx_word' id='word_1_47' title='bbox 1381 991 1453 1048; x_wconf 92' lang='lat' dir='ltr'><strong>in</strong></span> <span class='ocrx_word' id='word_1_48' title='bbox 1477 1011 1749 1066; x_wconf 86' lang='lat' dir='ltr'><strong>quorum</strong></span> <span class='ocrx_word' id='word_1_49' title='bbox 1770 990 2065 1050; x_wconf 90' lang='lat' dir='ltr'><strong>humeros</strong></span> <span class='ocrx_word' id='word_1_50' title='bbox 2090 994 2481 1070; x_wconf 75' lang='lat' dir='ltr'><strong>postAugu--</strong></span> 
     </span>
     <span class='ocr_line' id='line_1_8' title="bbox 425 1109 2465 1190; baseline 0.001 -21"><span class='ocrx_word' id='word_1_51' title='bbox 425 1122 593 1170; x_wconf 90' lang='lat' dir='ltr'><strong>stum</strong></span> <span class='ocrx_word' id='word_1_52' title='bbox 633 1114 854 1172; x_wconf 87' lang='lat' dir='ltr'><strong>ruebat</strong></span> <span class='ocrx_word' id='word_1_53' title='bbox 884 1112 1142 1190; x_wconf 85' lang='lat' dir='ltr'><strong>imperii</strong></span> <span class='ocrx_word' id='word_1_54' title='bbox 1181 1110 1504 1189; x_wconf 85' lang='lat' dir='ltr'><strong>fastigium</strong></span> <span class='ocrx_word' id='word_1_55' title='bbox 1519 1115 1543 1183; x_wconf 72' lang='lat'><strong>,²</strong></span> <span class='ocrx_word' id='word_1_56' title='bbox 1586 1110 1734 1169; x_wconf 89' lang='lat' dir='ltr'><strong>licet</strong></span> <span class='ocrx_word' id='word_1_57' title='bbox 1769 1109 2166 1189; x_wconf 89' lang='lat' dir='ltr'><strong>quorundam</strong></span> <span class='ocrx_word' id='word_1_58' title='bbox 2199 1112 2465 1171; x_wconf 86' lang='lat' dir='ltr'><strong>celebra-</strong></span> 
     </span>
     <span class='ocr_line' id='line_1_9' title="bbox 424 1229 2465 1308; baseline 0.001 -22"><span class='ocrx_word' id='word_1_59' title='bbox 424 1241 551 1290; x_wconf 85' lang='lat' dir='ltr'><strong>tam</strong></span> <span class='ocrx_word' id='word_1_60' title='bbox 593 1230 873 1308; x_wconf 83' lang='lat' dir='ltr'><strong>legamus</strong></span> <span class='ocrx_word' id='word_1_61' title='bbox 919 1230 1358 1289; x_wconf 86' lang='lat' dir='ltr'><strong>liberalitatem</strong></span> <span class='ocrx_word' id='word_1_62' title='bbox 1391 1248 1527 1286; x_wconf 89' lang='lat' dir='ltr'><strong>non</strong></span> <span class='ocrx_word' id='word_1_63' title='bbox 1556 1229 1982 1306; x_wconf 84' lang='lat' dir='ltr'><strong>inquinatam,</strong></span> <span class='ocrx_word' id='word_1_64' title='bbox 2023 1229 2139 1287; x_wconf 86' lang='lat' dir='ltr'><strong>sed.</strong></span> <span class='ocrx_word' id='word_1_65' title='bbox 2165 1229 2465 1289; x_wconf 86' lang='lat' dir='ltr'><strong>infectam</strong></span> 
     </span>
     <span class='ocr_line' id='line_1_10' title="bbox 419 1347 2465 1426; baseline 0 -21"><span class='ocrx_word' id='word_1_66' title='bbox 419 1349 639 1426; x_wconf 86' lang='lat' dir='ltr'><strong>potius</strong></span> <span class='ocrx_word' id='word_1_67' title='bbox 673 1351 949 1423; x_wconf 87' lang='lat' dir='ltr'><strong>avaritia,</strong></span> <span class='ocrx_word' id='word_1_68' title='bbox 991 1347 1358 1407; x_wconf 87' lang='lat' dir='ltr'><strong>crudelitate</strong></span> <span class='ocrx_word' id='word_1_69' title='bbox 1395 1360 1458 1406; x_wconf 91' lang='lat' dir='ltr'><strong>et</strong></span> <span class='ocrx_word' id='word_1_70' title='bbox 1504 1347 1677 1414; x_wconf 76' lang='lat' dir='ltr'><strong>vitiis</strong></span> <span class='ocrx_word' id='word_1_71' title='bbox 1723 1359 1911 1424; x_wconf 89' lang='lat' dir='ltr'><strong>atque</strong></span> <span class='ocrx_word' id='word_1_72' title='bbox 1955 1347 2291 1406; x_wconf 89' lang='lat' dir='ltr'><strong>sceleribus</strong></span> <span class='ocrx_word' id='word_1_73' title='bbox 2335 1370 2465 1406; x_wconf 90' lang='lat' dir='ltr'><strong>om-</strong></span> 
     </span>
    </p>
   </div>
   <div class='ocr_carea' id='block_1_4' title="bbox 419 1465 2466 1551">
    <p class='ocr_par' dir='ltr' id='par_1_4' title="bbox 419 1465 2466 1551">
     <span class='ocr_line' id='line_1_11' title="bbox 419 1465 2466 1551; baseline 0 -25"><span class='ocrx_word' id='word_1_74' title='bbox 419 1467 520 1527; x_wconf 90' lang='lat' dir='ltr'><strong>nis</strong></span> <span class='ocrx_word' id='word_1_75' title='bbox 555 1470 804 1547; x_wconf 85' lang='lat' dir='ltr'><strong>generis</strong></span> <span class='ocrx_word' id='word_1_76' title='bbox 845 1474 903 1541; x_wconf 86' lang='lat'><strong>⁹)</strong></span> <span class='ocrx_word' id='word_1_77' title='bbox 941 1480 1191 1548; x_wconf 83' lang='lat' dir='ltr'><strong>praeter</strong></span> <span class='ocrx_word' id='word_1_78' title='bbox 1219 1468 1578 1551; x_wconf 83' lang='lat' dir='ltr'><strong>Nervam,</strong></span> <span class='ocrx_word' id='word_1_79' title='bbox 1638 1466 1693 1525; x_wconf 90' lang='lat' dir='ltr'><strong>si</strong></span> <span class='ocrx_word' id='word_1_80' title='bbox 1725 1465 1937 1535; x_wconf 86' lang='lat' dir='ltr'><strong>fabula</strong></span> <span class='ocrx_word' id='word_1_81' title='bbox 1964 1486 2111 1525; x_wconf 82' lang='lat' dir='ltr'><strong>vera</strong></span> <span class='ocrx_word' id='word_1_82' title='bbox 2146 1480 2264 1541; x_wconf 87' lang='lat' dir='ltr'><strong>est,</strong></span> <span class='ocrx_word' id='word_1_83' title='bbox 2325 1468 2466 1527; x_wconf 88' lang='lat' dir='ltr'><strong>nul-</strong></span> 
     </span>
    </p>
   </div>
   <div class='ocr_carea' id='block_1_5' title="bbox 421 1585 2576 1669">
    <p class='ocr_par' dir='ltr' id='par_1_5' title="bbox 421 1585 2576 1669">
     <span class='ocr_line' id='line_1_12' title="bbox 421 1585 2576 1669; baseline 0 -26"><span class='ocrx_word' id='word_1_84' title='bbox 421 1585 520 1644; x_wconf 89' lang='lat' dir='ltr'><strong>lus</strong></span> <span class='ocrx_word' id='word_1_85' title='bbox 565 1585 691 1645; x_wconf 88' lang='lat' dir='ltr'><strong>fuit</strong></span> <span class='ocrx_word' id='word_1_86' title='bbox 728 1589 930 1652; x_wconf 77' lang='lat' dir='ltr'><strong>simili,</strong></span> <span class='ocrx_word' id='word_1_87' title='bbox 959 1590 1031 1645; x_wconf 88' lang='lat' dir='ltr'><strong>in</strong></span> <span class='ocrx_word' id='word_1_88' title='bbox 1060 1608 1293 1669; x_wconf 83' lang='lat' dir='ltr'><strong>pueros</strong></span> <span class='ocrx_word' id='word_1_89' title='bbox 1333 1585 1545 1645; x_wconf 89' lang='lat' dir='ltr'><strong>studio</strong></span> <span class='ocrx_word' id='word_1_90' title='bbox 1583 1585 1782 1643; x_wconf 86' lang='lat' dir='ltr'><strong>clarus</strong></span> <span class='ocrx_word' id='word_1_91' title='bbox 1818 1607 1888 1642; x_wconf 91' lang='lat' dir='ltr'><strong>ac</strong></span> <span class='ocrx_word' id='word_1_92' title='bbox 1927 1585 2316 1648; x_wconf 85' lang='lat' dir='ltr'><strong>nobilitatus.</strong></span> <span class='ocrx_word' id='word_1_93' title='bbox 2388 1587 2468 1644; x_wconf 87' lang='lat'><strong>11-</strong></span> <span class='ocrx_word' id='word_1_94' title='bbox 2533 1633 2576 1665; x_wconf 22' lang='grc' dir='ltr'><strong>ς.</strong></span> 
     </span>
    </p>
   </div>
   <div class='ocr_carea' id='block_1_6' title="bbox 420 1703 2462 1785">
    <p class='ocr_par' dir='ltr' id='par_1_6' title="bbox 420 1703 2462 1785">
     <span class='ocr_line' id='line_1_13' title="bbox 420 1703 2462 1785; baseline 0.001 -21"><span class='ocrx_word' id='word_1_95' title='bbox 420 1703 480 1764; x_wconf 91' lang='lat' dir='ltr'><strong>le</strong></span> <span class='ocrx_word' id='word_1_96' title='bbox 516 1707 718 1779; x_wconf 81' lang='lat' dir='ltr'><strong>enim,</strong></span> <span class='ocrx_word' id='word_1_97' title='bbox 761 1719 920 1767; x_wconf 90' lang='lat' dir='ltr'><strong>teste</strong></span> <span class='ocrx_word' id='word_1_98' title='bbox 949 1707 1383 1784; x_wconf 62' lang='lat' dir='ltr'><strong>Victorem)</strong></span> <span class='ocrx_word' id='word_1_99' title='bbox 1422 1704 1727 1785; x_wconf 86' lang='lat' dir='ltr'><strong>puellas</strong></span> <span class='ocrx_word' id='word_1_100' title='bbox 1760 1723 2209 1784; x_wconf 86' lang='lat' dir='ltr'><strong>puerosque</strong></span> <span class='ocrx_word' id='word_1_101' title='bbox 2242 1717 2462 1766; x_wconf 90' lang='lat' dir='ltr'><strong>natos</strong></span> 
     </span>
    </p>
   </div>
   <div class='ocr_carea' id='block_1_7' title="bbox 536 1848 2466 3135">
    <p class='ocr_par' dir='ltr' id='par_1_7' title="bbox 536 1848 2465 2054">
     <span class='ocr_line' id='line_1_14' title="bbox 536 1848 2464 1905; baseline -0.002 -11"><span class='ocrx_word' id='word_1_102' title='bbox 536 1852 585 1905; x_wconf 83' lang='grc'><strong>8)</strong></span> <span class='ocrx_word' id='word_1_103' title='bbox 614 1853 719 1894; x_wconf 89' lang='lat' dir='ltr'><strong>Dio</strong></span> <span class='ocrx_word' id='word_1_104' title='bbox 741 1852 962 1894; x_wconf 73' lang='lat' dir='ltr'><strong>Cassius</strong></span> <span class='ocrx_word' id='word_1_105' title='bbox 1021 1852 1125 1893; x_wconf 75' lang='lat' dir='ltr'><strong>Lib.</strong></span> <span class='ocrx_word' id='word_1_106' title='bbox 1152 1864 1186 1890; x_wconf 77' lang='grc' dir='ltr'><strong>ι.</strong></span> <span class='ocrx_word' id='word_1_107' title='bbox 1220 1850 1329 1904; x_wconf 85' lang='lat' dir='ltr'><strong>Cap.</strong></span> <span class='ocrx_word' id='word_1_108' title='bbox 1349 1862 1416 1893; x_wconf 79' lang='lat'><strong>21.</strong></span> <span class='ocrx_word' id='word_1_109' title='bbox 1464 1849 1517 1902; x_wconf 68' lang='grc' dir='ltr'><em>Ἶᾷ</em></span> <span class='ocrx_word' id='word_1_110' title='bbox 1543 1848 1579 1889; x_wconf 67' lang='grc' dir='ltr'><strong>δι’</strong></span> <span class='ocrx_word' id='word_1_111' title='bbox 1609 1850 1706 1900; x_wconf 57' lang='lat' dir='ltr'><strong>Sip-q</strong></span> <span class='ocrx_word' id='word_1_112' title='bbox 1741 1849 1828 1889; x_wconf 55' lang='lat' dir='ltr'><strong>a&amp;</strong></span> <span class='ocrx_word' id='word_1_113' title='bbox 1856 1849 1983 1889; x_wconf 57' lang='grc' dir='ltr'><strong>ίαν-δν</strong></span> <span class='ocrx_word' id='word_1_114' title='bbox 2012 1849 2181 1900; x_wconf 62' lang='grc' dir='ltr'><strong>δραχμαῖς</strong></span> <span class='ocrx_word' id='word_1_115' title='bbox 2202 1850 2376 1902; x_wconf 63' lang='grc' dir='ltr'><strong><em>προτίςοις</em></strong></span> <span class='ocrx_word' id='word_1_116' title='bbox 2397 1851 2464 1900; x_wconf 63' lang='grc' dir='ltr'><strong>με’,</strong></span> 
     </span>
     <span class='ocr_line' id='line_1_15' title="bbox 640 1923 2465 1979; baseline -0.001 -11"><span class='ocrx_word' id='word_1_117' title='bbox 640 1932 713 1971; x_wconf 75' lang='grc' dir='ltr'><strong>τοῖς</strong></span> <span class='ocrx_word' id='word_1_118' title='bbox 753 1927 789 1971; x_wconf 64' lang='grc' dir='ltr'><strong>ἐς</strong></span> <span class='ocrx_word' id='word_1_119' title='bbox 829 1924 953 1979; x_wconf 57' lang='grc' dir='ltr'><strong>ἄνδρας</strong></span> <span class='ocrx_word' id='word_1_120' title='bbox 989 1929 1146 1977; x_wconf 59' lang='lat' dir='ltr'><strong>razio-u,</strong></span> <span class='ocrx_word' id='word_1_121' title='bbox 1201 1923 1330 1967; x_wconf 55' lang='grc' dir='ltr'><strong>ἔπειτά</strong></span> <span class='ocrx_word' id='word_1_122' title='bbox 1368 1931 1402 1966; x_wconf 82' lang='grc' dir='ltr'><strong>δι</strong></span> <span class='ocrx_word' id='word_1_123' title='bbox 1431 1926 1490 1977; x_wconf 57' lang='grc' dir='ltr'><strong>»μὶ</strong></span> <span class='ocrx_word' id='word_1_124' title='bbox 1530 1929 1600 1969; x_wconf 73' lang='grc' dir='ltr'><strong>τοῖς</strong></span> <span class='ocrx_word' id='word_1_125' title='bbox 1626 1928 1747 1977; x_wconf 62' lang='grc' dir='ltr'><strong>παρ’),</strong></span> <span class='ocrx_word' id='word_1_126' title='bbox 1787 1925 1846 1966; x_wconf 64' lang='lat' dir='ltr'><strong>San*</strong></span> <span class='ocrx_word' id='word_1_127' title='bbox 1873 1924 1933 1966; x_wconf 65' lang='grc' dir='ltr'><strong>τὸ</strong></span> <span class='ocrx_word' id='word_1_128' title='bbox 1968 1924 2176 1977; x_wconf 63' lang='grc' dir='ltr'><strong>Μαρκέλλου</strong></span> <span class='ocrx_word' id='word_1_129' title='bbox 2217 1927 2276 1967; x_wconf 72' lang='grc' dir='ltr'><strong>τδν</strong></span> <span class='ocrx_word' id='word_1_130' title='bbox 2312 1927 2465 1977; x_wconf 55' lang='lat' dir='ltr'><strong>issae&amp;</strong></span> 
     </span>
     <span class='ocr_line' id='line_1_16' title="bbox 630 2003 805 2054; baseline 0 -9"><span class='ocrx_word' id='word_1_131' title='bbox 630 2003 805 2054; x_wconf 70' lang='grc' dir='ltr'><strong>διίνειμοᾳ.</strong></span> 
     </span>
    </p>

    <p class='ocr_par' dir='ltr' id='par_1_8' title="bbox 567 2076 2466 2981">
     <span class='ocr_line' id='line_1_17' title="bbox 567 2076 2462 2139; baseline 0.001 -16"><span class='ocrx_word' id='word_1_132' title='bbox 567 2083 611 2133; x_wconf 83' lang='lat'><strong>⁹)</strong></span> <span class='ocrx_word' id='word_1_133' title='bbox 647 2079 719 2139; x_wconf 78' lang='lat' dir='ltr'><strong>Cf.</strong></span> <span class='ocrx_word' id='word_1_134' title='bbox 741 2080 1304 2123; x_wconf 86' lang='lat' dir='ltr'><strong>Vincent.Contaren.</strong></span> <span class='ocrx_word' id='word_1_135' title='bbox 1322 2076 1602 2137; x_wconf 73' lang='lat' dir='ltr'><strong>defrument.</strong></span> <span class='ocrx_word' id='word_1_136' title='bbox 1619 2095 1722 2122; x_wconf 89' lang='lat' dir='ltr'><strong>rom.</strong></span> <span class='ocrx_word' id='word_1_137' title='bbox 1739 2080 1852 2134; x_wconf 78' lang='lat' dir='ltr'><strong>larg.</strong></span> <span class='ocrx_word' id='word_1_138' title='bbox 1870 2078 2219 2136; x_wconf 75' lang='lat' dir='ltr'><strong>Cap.3.seqq.et</strong></span> <span class='ocrx_word' id='word_1_139' title='bbox 2243 2081 2462 2124; x_wconf 82' lang='lat' dir='ltr'><strong>Sueton.</strong></span> 
     </span>
     <span class='ocr_line' id='line_1_18' title="bbox 628 2156 2462 2215; baseline -0.002 -15"><span class='ocrx_word' id='word_1_140' title='bbox 628 2160 808 2215; x_wconf 76' lang='lat' dir='ltr'><strong>passim.</strong></span> <span class='ocrx_word' id='word_1_141' title='bbox 867 2160 933 2199; x_wconf 88' lang='lat' dir='ltr'><strong>De</strong></span> <span class='ocrx_word' id='word_1_142' title='bbox 955 2158 1195 2199; x_wconf 84' lang='lat' dir='ltr'><strong>Neronis</strong></span> <span class='ocrx_word' id='word_1_143' title='bbox 1221 2159 1478 2198; x_wconf 82' lang='lat' dir='ltr'><strong>liberalitate</strong></span> <span class='ocrx_word' id='word_1_144' title='bbox 1502 2157 1752 2196; x_wconf 81' lang='lat' dir='ltr'><strong>Oiselius</strong></span> <span class='ocrx_word' id='word_1_145' title='bbox 1771 2156 1901 2197; x_wconf 87' lang='lat' dir='ltr'><strong>habet</strong></span> <span class='ocrx_word' id='word_1_146' title='bbox 1919 2170 2117 2198; x_wconf 85' lang='lat' dir='ltr'><strong>numum</strong></span> <span class='ocrx_word' id='word_1_147' title='bbox 2146 2159 2252 2197; x_wconf 87' lang='lat' dir='ltr'><strong>Tab.</strong></span> <span class='ocrx_word' id='word_1_148' title='bbox 2276 2156 2462 2199; x_wconf 86' lang='lat' dir='ltr'>LXXIV.</span> 
     </span>
     <span class='ocr_line' id='line_1_19' title="bbox 628 2216 2464 2289; baseline -0.001 -11"><span class='ocrx_word' id='word_1_149' title='bbox 628 2245 670 2289; x_wconf 87' lang='lat'><strong>5.</strong></span> <span class='ocrx_word' id='word_1_150' title='bbox 682 2239 807 2289; x_wconf 83' lang='lat' dir='ltr'><strong>cujus</strong></span> <span class='ocrx_word' id='word_1_151' title='bbox 827 2236 1107 2277; x_wconf 84' lang='lat' dir='ltr'><strong>mentionem</strong></span> <span class='ocrx_word' id='word_1_152' title='bbox 1127 2236 1228 2276; x_wconf 80' lang='lat' dir='ltr'><strong>facit</strong></span> <span class='ocrx_word' id='word_1_153' title='bbox 1254 2236 1422 2276; x_wconf 85' lang='lat' dir='ltr'><strong>Tacit.</strong></span> <span class='ocrx_word' id='word_1_154' title='bbox 1452 2236 1608 2276; x_wconf 83' lang='lat' dir='ltr'><strong>Annal.</strong></span> <span class='ocrx_word' id='word_1_155' title='bbox 1624 2235 1756 2275; x_wconf 89' lang='lat' dir='ltr'><em>XIII.</em></span> <span class='ocrx_word' id='word_1_156' title='bbox 1769 2243 1839 2285; x_wconf 81' lang='lat'><strong>3¹.</strong></span> <span class='ocrx_word' id='word_1_157' title='bbox 1866 2234 2008 2277; x_wconf 86' lang='lat' dir='ltr'><strong>Suet.</strong></span> <span class='ocrx_word' id='word_1_158' title='bbox 2033 2237 2141 2276; x_wconf 84' lang='lat' dir='ltr'><strong>Ner.</strong></span> <span class='ocrx_word' id='word_1_159' title='bbox 2165 2244 2282 2276; x_wconf 56' lang='lat' dir='ltr'><strong>thet</strong></span> <span class='ocrx_word' id='word_1_160' title='bbox 2294 2245 2333 2278; x_wconf 86' lang='lat'><strong>2.</strong></span> <span class='ocrx_word' id='word_1_161' title='bbox 2361 2216 2464 2276; x_wconf 82' lang='lat' dir='ltr'><strong>Dio</strong></span> 
     </span>
     <span class='ocr_line' id='line_1_20' title="bbox 630 2292 2466 2371; baseline -0.001 -15"><span class='ocrx_word' id='word_1_162' title='bbox 630 2313 772 2356; x_wconf 86' lang='lat' dir='ltr'><strong>Cass.</strong></span> <span class='ocrx_word' id='word_1_163' title='bbox 801 2315 903 2354; x_wconf 83' lang='lat' dir='ltr'><strong>LXI.</strong></span> <span class='ocrx_word' id='word_1_164' title='bbox 942 2317 1000 2361; x_wconf 81' lang='lat'><strong>¹8·</strong></span> <span class='ocrx_word' id='word_1_165' title='bbox 1030 2311 1093 2371; x_wconf 61' lang='lat' dir='ltr'><strong>«ff.</strong></span> <span class='ocrx_word' id='word_1_166' title='bbox 1149 2292 1354 2354; x_wconf 76' lang='lat' dir='ltr'><strong>Eckhel</strong></span> <span class='ocrx_word' id='word_1_167' title='bbox 1396 2313 1538 2354; x_wconf 77' lang='lat' dir='ltr'><strong>doctr.</strong></span> <span class='ocrx_word' id='word_1_168' title='bbox 1593 2327 1703 2354; x_wconf 83' lang='lat' dir='ltr'><strong>num.</strong></span> <span class='ocrx_word' id='word_1_169' title='bbox 1748 2320 1838 2353; x_wconf 73' lang='lat' dir='ltr'><strong>vet.</strong></span> <span class='ocrx_word' id='word_1_170' title='bbox 1878 2311 1972 2354; x_wconf 86' lang='lat' dir='ltr'><strong>vol.</strong></span> <span class='ocrx_word' id='word_1_171' title='bbox 2003 2311 2073 2353; x_wconf 87' lang='lat' dir='ltr'><strong>VI.</strong></span> <span class='ocrx_word' id='word_1_172' title='bbox 2099 2325 2141 2366; x_wconf 91' lang='lat' dir='ltr'><strong>p.</strong></span> <span class='ocrx_word' id='word_1_173' title='bbox 2169 2321 2265 2365; x_wconf 82' lang='lat'><strong>271.</strong></span> <span class='ocrx_word' id='word_1_174' title='bbox 2285 2333 2342 2347; x_wconf 88' lang='lat'><strong>—-</strong></span> <span class='ocrx_word' id='word_1_175' title='bbox 2398 2313 2466 2354; x_wconf 87' lang='lat' dir='ltr'><strong>De</strong></span> 
     </span>
     <span class='ocr_line' id='line_1_21' title="bbox 627 2386 2465 2446; baseline 0 -14"><span class='ocrx_word' id='word_1_176' title='bbox 627 2391 764 2433; x_wconf 88' lang='lat' dir='ltr'><strong>Tito</strong></span> <span class='ocrx_word' id='word_1_177' title='bbox 807 2390 930 2431; x_wconf 86' lang='lat' dir='ltr'><strong>idem</strong></span> <span class='ocrx_word' id='word_1_178' title='bbox 959 2388 1209 2431; x_wconf 85' lang='lat' dir='ltr'><strong>Oiselius</strong></span> <span class='ocrx_word' id='word_1_179' title='bbox 1245 2388 1353 2430; x_wconf 86' lang='lat' dir='ltr'><strong>Tab.</strong></span> <span class='ocrx_word' id='word_1_180' title='bbox 1383 2389 1561 2430; x_wconf 84' lang='lat' dir='ltr'><strong>LXXIV·</strong></span> <span class='ocrx_word' id='word_1_181' title='bbox 1588 2388 1629 2429; x_wconf 86' lang='lat'><strong>6.</strong></span> <span class='ocrx_word' id='word_1_182' title='bbox 1652 2386 1713 2446; x_wconf 78' lang='lat' dir='ltr'><strong>cf.</strong></span> <span class='ocrx_word' id='word_1_183' title='bbox 1742 2389 1843 2429; x_wconf 92' lang='lat' dir='ltr'><strong>Dio</strong></span> <span class='ocrx_word' id='word_1_184' title='bbox 1869 2387 2009 2429; x_wconf 74' lang='lat' dir='ltr'><strong>Cass.</strong></span> <span class='ocrx_word' id='word_1_185' title='bbox 2036 2389 2263 2445; x_wconf 76' lang='lat' dir='ltr'><strong>val.19.</strong></span> <span class='ocrx_word' id='word_1_186' title='bbox 2287 2410 2341 2423; x_wconf 87' lang='lat'><strong>—</strong></span> <span class='ocrx_word' id='word_1_187' title='bbox 2396 2391 2465 2432; x_wconf 88' lang='lat' dir='ltr'><strong>De</strong></span> 
     </span>
     <span class='ocr_line' id='line_1_22' title="bbox 631 2448 2464 2523; baseline -0.001 -14"><span class='ocrx_word' id='word_1_188' title='bbox 631 2467 769 2509; x_wconf 83' lang='lat' dir='ltr'><strong>Galba</strong></span> <span class='ocrx_word' id='word_1_189' title='bbox 795 2475 911 2509; x_wconf 86' lang='lat' dir='ltr'><strong>extat</strong></span> <span class='ocrx_word' id='word_1_190' title='bbox 942 2448 1114 2507; x_wconf 81' lang='lat' dir='ltr'><strong>numus</strong></span> <span class='ocrx_word' id='word_1_191' title='bbox 1140 2465 1257 2520; x_wconf 85' lang='lat' dir='ltr'><strong>apud</strong></span> <span class='ocrx_word' id='word_1_192' title='bbox 1285 2464 1456 2519; x_wconf 87' lang='lat' dir='ltr'><strong>Oisel.</strong></span> <span class='ocrx_word' id='word_1_193' title='bbox 1485 2477 1520 2505; x_wconf 93' lang='lat' dir='ltr'><strong>c.</strong></span> <span class='ocrx_word' id='word_1_194' title='bbox 1555 2465 1749 2519; x_wconf 78' lang='lat' dir='ltr'><strong>inscript.</strong></span> <span class='ocrx_word' id='word_1_195' title='bbox 1779 2463 2021 2505; x_wconf 80' lang='lat' dir='ltr'><strong>PIETATL</strong></span> <span class='ocrx_word' id='word_1_196' title='bbox 2041 2464 2297 2517; x_wconf 86' lang='lat' dir='ltr'><strong>AVGVSTI,</strong></span> <span class='ocrx_word' id='word_1_197' title='bbox 2327 2479 2464 2523; x_wconf 81' lang='lat' dir='ltr'><strong>quem</strong></span> 
     </span>
     <span class='ocr_line' id='line_1_23' title="bbox 629 2540 2464 2597; baseline 0 -12"><span class='ocrx_word' id='word_1_198' title='bbox 629 2543 840 2585; x_wconf 82' lang='lat' dir='ltr'><strong>nonnulli</strong></span> <span class='ocrx_word' id='word_1_199' title='bbox 879 2541 932 2585; x_wconf 81' lang='lat' dir='ltr'><strong>de</strong></span> <span class='ocrx_word' id='word_1_200' title='bbox 965 2543 1118 2597; x_wconf 84' lang='lat' dir='ltr'><strong>pueris</strong></span> <span class='ocrx_word' id='word_1_201' title='bbox 1150 2543 1456 2586; x_wconf 71' lang='lat' dir='ltr'><strong>alimentariis</strong></span> <span class='ocrx_word' id='word_1_202' title='bbox 1489 2553 1511 2581; x_wconf 83' lang='lat' dir='ltr'><strong>a</strong></span> <span class='ocrx_word' id='word_1_203' title='bbox 1539 2540 1674 2582; x_wconf 81' lang='lat' dir='ltr'><strong>Galba</strong></span> <span class='ocrx_word' id='word_1_204' title='bbox 1704 2541 1916 2582; x_wconf 81' lang='lat' dir='ltr'><strong>institutis</strong></span> <span class='ocrx_word' id='word_1_205' title='bbox 1935 2542 2287 2595; x_wconf 83' lang='lat' dir='ltr'><strong>interpretantur.</strong></span> <span class='ocrx_word' id='word_1_206' title='bbox 2343 2542 2464 2586; x_wconf 88' lang='lat' dir='ltr'><strong>Cum</strong></span> 
     </span>
     <span class='ocr_line' id='line_1_24' title="bbox 629 2617 2464 2679; baseline 0 -18"><span class='ocrx_word' id='word_1_207' title='bbox 629 2629 781 2661; x_wconf 87' lang='lat' dir='ltr'><strong>autem</strong></span> <span class='ocrx_word' id='word_1_208' title='bbox 814 2620 1095 2662; x_wconf 83' lang='lat' dir='ltr'><strong>mentionem</strong></span> <span class='ocrx_word' id='word_1_209' title='bbox 1123 2617 1219 2670; x_wconf 80' lang='lat' dir='ltr'><strong>ejus</strong></span> <span class='ocrx_word' id='word_1_210' title='bbox 1258 2619 1319 2660; x_wconf 84' lang='lat' dir='ltr'><strong>rei</strong></span> <span class='ocrx_word' id='word_1_211' title='bbox 1356 2619 1406 2659; x_wconf 88' lang='lat' dir='ltr'><strong>in</strong></span> <span class='ocrx_word' id='word_1_212' title='bbox 1441 2618 1563 2659; x_wconf 81' lang='lat' dir='ltr'><strong>libris</strong></span> <span class='ocrx_word' id='word_1_213' title='bbox 1586 2626 1791 2659; x_wconf 83' lang='lat' dir='ltr'><strong>veterum</strong></span> <span class='ocrx_word' id='word_1_214' title='bbox 1816 2618 1991 2659; x_wconf 86' lang='lat' dir='ltr'><strong>nullam</strong></span> <span class='ocrx_word' id='word_1_215' title='bbox 2018 2619 2244 2679; x_wconf 78' lang='lat' dir='ltr'><strong>inveniam</strong></span> <span class='ocrx_word' id='word_1_216' title='bbox 2256 2645 2278 2668; x_wconf 39' lang='lat'><strong>,⁴</strong></span> <span class='ocrx_word' id='word_1_217' title='bbox 2307 2623 2464 2674; x_wconf 76' lang='lat' dir='ltr'><strong>magis,</strong></span> 
     </span>
     <span class='ocr_line' id='line_1_25' title="bbox 629 2693 2463 2751; baseline 0.001 -13"><span class='ocrx_word' id='word_1_218' title='bbox 629 2706 681 2738; x_wconf 88' lang='lat' dir='ltr'><strong>ut</strong></span> <span class='ocrx_word' id='word_1_219' title='bbox 705 2696 789 2738; x_wconf 91' lang='lat' dir='ltr'><strong>hoc</strong></span> <span class='ocrx_word' id='word_1_220' title='bbox 814 2709 1010 2738; x_wconf 85' lang='lat' dir='ltr'><strong>nummo</strong></span> <span class='ocrx_word' id='word_1_221' title='bbox 1035 2697 1196 2739; x_wconf 80' lang='lat' dir='ltr'><strong>Galbae</strong></span> <span class='ocrx_word' id='word_1_222' title='bbox 1220 2697 1269 2737; x_wconf 90' lang='lat' dir='ltr'><strong>in</strong></span> <span class='ocrx_word' id='word_1_223' title='bbox 1295 2694 1545 2749; x_wconf 84' lang='lat' dir='ltr'><strong>adoptando</strong></span> <span class='ocrx_word' id='word_1_224' title='bbox 1573 2693 1731 2737; x_wconf 77' lang='lat' dir='ltr'><strong>Pisone</strong></span> <span class='ocrx_word' id='word_1_225' title='bbox 1760 2694 2022 2736; x_wconf 83' lang='lat' dir='ltr'><strong>celebratam</strong></span> <span class='ocrx_word' id='word_1_226' title='bbox 2040 2694 2220 2736; x_wconf 85' lang='lat' dir='ltr'><strong>arbitrer</strong></span> <span class='ocrx_word' id='word_1_227' title='bbox 2237 2698 2463 2751; x_wconf 80' lang='lat' dir='ltr'><strong>pietatem,</strong></span> 
     </span>
     <span class='ocr_line' id='line_1_26' title="bbox 626 2762 2463 2831; baseline 0.001 -19"><span class='ocrx_word' id='word_1_228' title='bbox 626 2762 812 2812; x_wconf 84' lang='lat' dir='ltr'><strong>inclinat</strong></span> <span class='ocrx_word' id='word_1_229' title='bbox 829 2775 1019 2814; x_wconf 84' lang='lat' dir='ltr'><strong>animus.</strong></span> <span class='ocrx_word' id='word_1_230' title='bbox 1055 2771 1127 2831; x_wconf 82' lang='lat' dir='ltr'><strong>Cf.</strong></span> <span class='ocrx_word' id='word_1_231' title='bbox 1148 2777 1185 2814; x_wconf 89' lang='lat' dir='ltr'>E</span> <span class='ocrx_word' id='word_1_232' title='bbox 1198 2774 1256 2812; x_wconf 87' lang='lat' dir='ltr'><strong>ck</strong></span> <span class='ocrx_word' id='word_1_233' title='bbox 1269 2773 1360 2812; x_wconf 85' lang='lat' dir='ltr'><strong>hel</strong></span> <span class='ocrx_word' id='word_1_234' title='bbox 1386 2773 1482 2814; x_wconf 89' lang='lat' dir='ltr'><strong>Vol.</strong></span> <span class='ocrx_word' id='word_1_235' title='bbox 1500 2772 1576 2813; x_wconf 88' lang='lat' dir='ltr'><strong>VI.</strong></span> <span class='ocrx_word' id='word_1_236' title='bbox 1590 2787 1635 2824; x_wconf 86' lang='lat' dir='ltr'><strong>p.</strong></span> <span class='ocrx_word' id='word_1_237' title='bbox 1655 2781 1752 2825; x_wconf 81' lang='lat'>297.</span> <span class='ocrx_word' id='word_1_238' title='bbox 1770 2780 1815 2811; x_wconf 90' lang='lat' dir='ltr'><strong>et</strong></span> <span class='ocrx_word' id='word_1_239' title='bbox 1835 2771 2046 2811; x_wconf 81' lang='lat' dir='ltr'><strong>Rasche</strong></span> <span class='ocrx_word' id='word_1_240' title='bbox 2071 2772 2271 2813; x_wconf 83' lang='lat' dir='ltr'><strong>Lexicon</strong></span> <span class='ocrx_word' id='word_1_241' title='bbox 2289 2777 2463 2814; x_wconf 81' lang='lat' dir='ltr'><strong>univer-</strong></span> 
     </span>
     <span class='ocr_line' id='line_1_27' title="bbox 625 2846 2462 2906; baseline 0.002 -16"><span class='ocrx_word' id='word_1_242' title='bbox 625 2865 704 2901; x_wconf 73' lang='lat' dir='ltr'><strong>sae</strong></span> <span class='ocrx_word' id='word_1_243' title='bbox 741 2852 811 2890; x_wconf 79' lang='lat' dir='ltr'><strong>rei</strong></span> <span class='ocrx_word' id='word_1_244' title='bbox 843 2854 1069 2890; x_wconf 76' lang='lat' dir='ltr'><strong>numariae</strong></span> <span class='ocrx_word' id='word_1_245' title='bbox 1102 2852 1215 2890; x_wconf 86' lang='lat' dir='ltr'><strong>Tom.</strong></span> <span class='ocrx_word' id='word_1_246' title='bbox 1250 2847 1292 2891; x_wconf 80' lang='grc'><strong>3.</strong></span> <span class='ocrx_word' id='word_1_247' title='bbox 1330 2851 1464 2891; x_wconf 77' lang='lat' dir='ltr'><strong>Parc.</strong></span> <span class='ocrx_word' id='word_1_248' title='bbox 1503 2858 1545 2888; x_wconf 84' lang='lat'><strong>2.</strong></span> <span class='ocrx_word' id='word_1_249' title='bbox 1578 2864 1624 2902; x_wconf 86' lang='lat' dir='ltr'><strong>p.</strong></span> <span class='ocrx_word' id='word_1_250' title='bbox 1659 2846 1781 2890; x_wconf 78' lang='lat'><strong>1288.</strong></span> <span class='ocrx_word' id='word_1_251' title='bbox 1824 2848 1853 2887; x_wconf 83' lang='lat' dir='ltr'><strong>i.</strong></span> <span class='ocrx_word' id='word_1_252' title='bbox 1887 2857 1932 2889; x_wconf 83' lang='lat' dir='ltr'><strong>et</strong></span> <span class='ocrx_word' id='word_1_253' title='bbox 1979 2849 2092 2890; x_wconf 85' lang='lat' dir='ltr'><strong>Tom.</strong></span> <span class='ocrx_word' id='word_1_254' title='bbox 2124 2858 2167 2888; x_wconf 82' lang='lat'><strong>2.</strong></span> <span class='ocrx_word' id='word_1_255' title='bbox 2193 2850 2324 2890; x_wconf 77' lang='lat' dir='ltr'><strong>Parc.</strong></span> <span class='ocrx_word' id='word_1_256' title='bbox 2353 2865 2382 2892; x_wconf 78' lang='grc' dir='ltr'><strong>ι.</strong></span> <span class='ocrx_word' id='word_1_257' title='bbox 2419 2865 2462 2906; x_wconf 84' lang='lat' dir='ltr'><strong>p.</strong></span> 
     </span>
     <span class='ocr_line' id='line_1_28' title="bbox 623 2925 900 2981; baseline 0 -15"><span class='ocrx_word' id='word_1_258' title='bbox 623 2933 727 2979; x_wconf 76' lang='lat'>¹4¹5·</span> <span class='ocrx_word' id='word_1_259' title='bbox 760 2925 802 2969; x_wconf 84' lang='lat'><strong>8.</strong></span> <span class='ocrx_word' id='word_1_260' title='bbox 835 2940 900 2981; x_wconf 81' lang='lat' dir='ltr'><strong>sq.</strong></span> 
     </span>
    </p>

    <p class='ocr_par' dir='ltr' id='par_1_9' title="bbox 536 2999 2461 3135">
     <span class='ocr_line' id='line_1_29' title="bbox 536 2999 2460 3059; baseline 0.001 -14"><span class='ocrx_word' id='word_1_261' title='bbox 536 2999 613 3056; x_wconf 84' lang='lat'><strong>¹0)</strong></span> <span class='ocrx_word' id='word_1_262' title='bbox 641 3003 840 3046; x_wconf 72' lang='lat' dir='ltr'><strong>Aurei:</strong></span> <span class='ocrx_word' id='word_1_263' title='bbox 864 3002 1074 3048; x_wconf 85' lang='lat' dir='ltr'><strong>Victor.</strong></span> <span class='ocrx_word' id='word_1_264' title='bbox 1106 3005 1236 3059; x_wconf 79' lang='lat' dir='ltr'><strong>Epic.</strong></span> <span class='ocrx_word' id='word_1_265' title='bbox 1266 3006 1374 3047; x_wconf 88' lang='lat' dir='ltr'><em>XII.</em></span> <span class='ocrx_word' id='word_1_266' title='bbox 1397 3011 1440 3058; x_wconf 76' lang='lat'><strong>4.</strong></span> <span class='ocrx_word' id='word_1_267' title='bbox 1497 3004 1801 3046; x_wconf 79' lang='lat' dir='ltr'><strong>Reinesius</strong></span> <span class='ocrx_word' id='word_1_268' title='bbox 1824 3004 2052 3059; x_wconf 77' lang='lat' dir='ltr'><strong>Syntagm.</strong></span> <span class='ocrx_word' id='word_1_269' title='bbox 2073 3005 2285 3058; x_wconf 75' lang='lat' dir='ltr'><strong>Inscripc.</strong></span> <span class='ocrx_word' id='word_1_270' title='bbox 2315 3004 2460 3046; x_wconf 76' lang='lat' dir='ltr'><strong>class.</strong></span> 
     </span>
     <span class='ocr_line' id='line_1_30' title="bbox 628 3081 2461 3135; baseline -0.001 -11"><span class='ocrx_word' id='word_1_271' title='bbox 628 3081 707 3124; x_wconf 89' lang='lat' dir='ltr'><strong>VI.</strong></span> <span class='ocrx_word' id='word_1_272' title='bbox 738 3096 779 3123; x_wconf 84' lang='lat' dir='ltr'><strong>n.</strong></span> <span class='ocrx_word' id='word_1_273' title='bbox 799 3088 872 3134; x_wconf 81' lang='lat'><strong>24.</strong></span> <span class='ocrx_word' id='word_1_274' title='bbox 891 3097 936 3135; x_wconf 82' lang='lat' dir='ltr'><strong>p.</strong></span> <span class='ocrx_word' id='word_1_275' title='bbox 953 3088 1051 3134; x_wconf 78' lang='lat'><strong>405.</strong></span> <span class='ocrx_word' id='word_1_276' title='bbox 1110 3082 1307 3123; x_wconf 80' lang='lat' dir='ltr'><strong>Nervam</strong></span> <span class='ocrx_word' id='word_1_277' title='bbox 1334 3083 1455 3122; x_wconf 87' lang='lat' dir='ltr'><strong>illius</strong></span> <span class='ocrx_word' id='word_1_278' title='bbox 1479 3082 1671 3122; x_wconf 81' lang='lat' dir='ltr'><strong>instituti</strong></span> <span class='ocrx_word' id='word_1_279' title='bbox 1694 3090 1921 3122; x_wconf 83' lang='lat' dir='ltr'><strong>auctorem</strong></span> <span class='ocrx_word' id='word_1_280' title='bbox 1947 3081 2082 3121; x_wconf 80' lang='lat' dir='ltr'><strong>fuisse</strong></span> <span class='ocrx_word' id='word_1_281' title='bbox 2105 3081 2366 3132; x_wconf 65' lang='lat' dir='ltr'><strong>contendit,</strong></span> <span class='ocrx_word' id='word_1_282' title='bbox 2391 3083 2461 3123; x_wconf 81' lang='lat' dir='ltr'><strong>ni·</strong></span> 
     </span>
    </p>
   </div>
   <div class='ocr_carea' id='block_1_8' title="bbox 621 3158 2460 3241">
    <p class='ocr_par' dir='ltr' id='par_1_10' title="bbox 621 3158 2460 3241">
     <span class='ocr_line' id='line_1_31' title="bbox 621 3158 2460 3241; baseline -0.001 -40"><span class='ocrx_word' id='word_1_283' title='bbox 621 3170 707 3202; x_wconf 82' lang='lat' dir='ltr'><strong>xus</strong></span> <span class='ocrx_word' id='word_1_284' title='bbox 733 3161 989 3203; x_wconf 80' lang='lat' dir='ltr'><strong>auctoritate</strong></span> <span class='ocrx_word' id='word_1_285' title='bbox 1019 3159 1152 3216; x_wconf 81' lang='lat' dir='ltr'><strong>hujus</strong></span> <span class='ocrx_word' id='word_1_286' title='bbox 1178 3160 1283 3241; x_wconf 52' lang='lat' dir='ltr'><strong>loc-i,</strong></span> <span class='ocrx_word' id='word_1_287' title='bbox 1301 3179 1358 3194; x_wconf 90' lang='lat'>-</span> <span class='ocrx_word' id='word_1_288' title='bbox 1385 3172 1525 3215; x_wconf 85' lang='lat' dir='ltr'><strong>quem</strong></span> <span class='ocrx_word' id='word_1_289' title='bbox 1555 3160 1710 3207; x_wconf 79' lang='lat' dir='ltr'><strong>tribuit</strong></span> <span class='ocrx_word' id='word_1_290' title='bbox 1734 3159 1910 3217; x_wconf 78' lang='lat' dir='ltr'><strong>Paulo</strong></span> <span class='ocrx_word' id='word_1_291' title='bbox 1934 3159 2213 3207; x_wconf 79' lang='lat' dir='ltr'><strong>Diacono‚</strong></span> <span class='ocrx_word' id='word_1_292' title='bbox 2259 3158 2366 3210; x_wconf 78' lang='lat' dir='ltr'><strong>(che</strong></span> <span class='ocrx_word' id='word_1_293' title='bbox 2390 3172 2460 3200; x_wconf 82' lang='lat' dir='ltr'><strong>co·</strong></span> 
     </span>
    </p>
   </div>
  </div>
 </body>
</html>
