2910 3518
1368 211 1447 277 ²8

344 392 349 394 2
402 361 551 445 pit,
600 360 688 437 ²⁴)
727 369 793 419 et
820 355 1010 437 paulo
1051 366 1198 435 post
1228 355 1311 415 i'n
1353 354 1730 424 honorem
1779 357 2055 424 uxoris
2098 371 2445 420 mortuae

2023 291 2047 311 P

401 482 641 564 petiit
676 500 711 538 a
744 481 1058 552 SenatU,
1116 490 1199 537 ut
1239 476 1572 536 honores
1612 480 1985 539 Faus‘rnun
2025 477 2474 557 aedemque,

405 601 946 670 decernerent,
1008 616 1088 654 ac
1128 586 1371 656 noves
1413 597 1778 656 instituit
1816 599 2125 675 puellas
2186 600 2444 656 FAUSTI-

311 774 318 778 .
404 737 639 781 N1ANAS
668 719 760 795 ²5)
831 715 997 775 Cum
1042 728 1250 776 autem
1292 716 1365 774 in
1416 715 1754 776 Commono
1813 716 1979 776 nihil
2024 717 2442 792 observemuS,

624 1011 805 1069 nunnae
832 1024 979 1075 fieret,
1022 1021 1337 1077 prohibebam
1363 1022 1532 1078 legibus
1561 1021 1688 1066 cod.
1713 1022 1913 1066 Theos.
1947 1033 1988 1077 3.
2008 1033 2051 1067 et
2077 1028 2123 1077 4.
2156 1022 2444 1078 Lib.r4.e1'c.

624 1117 683 1158 ¹7·
710 1103 765 1144 de
782 1103 969 1144 annonis
1002 1102 1182 1153 civiset
1198 1115 1313 1153 pane
1337 1102 1526 1154 gradili.
1586 1101 1730 1143 Habet
1758 1102 1892 1143 etiam
1922 1101 2192 1143 Gruterus
2218 1117 2324 1156 pag.
2356 1110 2442 1156 175.

623 1194 666 1221 n.
697 1177 739 1221 8.
767 1178 961 1232 inscript.
982 1190 1093 1232 quae
1126 1193 1283 1230 panem
1307 1179 1470 1231 populo
1496 1193 1576 1231 per
1601 1179 1773 1231 gradus
1798 1173 1990 1235 divisum
2020 1187 2358 1219 commemorat.
2388 1178 2443 1219 cf.

616 1253 660 1297 ¹P
673 1255 889 1297 rudent.
927 1253 1033 1295 adv.
1072 1242 1312 1307 Symmach.
1340 1253 1451 1295 Lib.
1478 1267 1511 1295 ι.
1540 1251 1640 1306 584.
1665 1263 1708 1294 et
1733 1254 1837 1295 Lib.
1858 1265 1897 1295 9..
1915 1259 2018 1307 948.
2104 1253 2203 1295 Huc
2228 1255 2443 1308 pertinere

622 1332 833 1374 videntur
858 1331 1015 1379 numi,
1055 1343 1165 1384 quos
1193 1330 1321 1371 habet
1349 1327 1513 1371 Oisel.
1542 1330 1650 1372 Tab.
1672 1332 1847 1374 Lxxm.
1867 1341 1924 1372 ια.
1953 1331 2134 1372 Lxxlv.
2164 1340 2205 1370 Ω.
2241 1337 2283 1382 4.
2307 1330 2348 1371 6.
2378 1328 2443 1382 8.)

621 1408 852 1460 Lipsius
873 1403 1103 1464 frumenta
1123 1414 1246 1458 putat
1270 1407 1469 1448 alimenc.
1498 1419 1590 1447 esse
1619 1407 2089 1461 interpretamentum,
2128 1407 2205 1462 qui
2233 1408 2366 1447 etiam
2391 1407 2441 1446 in

618 1483 764 1526 Elect.
793 1483 899 1527 Lib.
931 1497 966 1523 ι.
999 1482 1107 1535 Cap.
1136 1485 1178 1529 3.
1203 1481 1461 1524 brevissime
1490 1483 1569 1523 hac
1599 1485 1651 1525 de
1672 1498 1715 1524 re
1743 1485 1844 1539 egit.

516 1658 594 1711 ²⁴)
628 1656 826 1711 Capitol.
845 1654 991 1696 Anto
1006 1668 1051 1695 n.
1071 1654 1282 1696 Philos.
1321 1655 1429 1709 Cap.
1450 1668 1489 1710 7.
1515 1666 1630 1698 extr.
1659 1655 1709 1696 ad
1732 1668 1866 1712 quem
1886 1657 2036 1711 locum
2054 1652 2353 1697 consulendus
2376 1662 2441 1695 est

603 1733 938 1782 Salmasius,
976 1733 1052 1786 qui
1079 1732 1177 1771 loco
1203 1745 1407 1772 novorum
1434 1733 1648 1774 hominum
1668 1734 1750 1788 legi
1770 1734 1866 1774 vult
1883 1746 2086 1775 novorum
2105 1732 2343 1779 nominum,
2371 1730 2448 1778 iu2

603 1812 680 1852 stis
710 1811 893 1865 quidem
923 1809 977 1849 de
1005 1808 1168 1858 causis,
1197 1809 1280 1859 ita,
1311 1819 1361 1848 ut
1379 1808 1482 1848 haec
1500 1807 1626 1851 verba
1650 1810 1808 1850 eodem
1827 1823 1958 1850 sensu
1979 1809 2181 1862 accipiat,
2210 1819 2297 1862 quo
2331 1806 2440 1861 Cap.

604 1886 673 1927 26.
705 1888 914 1927 dicuntur
949 1899 1089 1927 novae
1116 1885 1302 1937 puellae.
1389 1884 1423 1924 C
1436 1899 1486 1926 as
1499 1898 1520 1925 a
1534 1900 1561 1925 u
1575 1886 1675 1927 bon
1692 1901 1721 1926 u
1734 1900 1752 1926 s
1788 1868 1938 1927 antem
1967 1885 2274 1939 intelligendos
2294 1892 2440 1924 censet

601 1976 741 2006 novos
761 1964 896 2003 cives.
956 1962 1084 2003 Novi
1100 1960 1295 2001 homines
1312 1961 1431 2002 salua
1452 1962 1638 2003 lectione
1657 1961 1771 2003 mibi
1794 1961 1999 2003 videntur
2026 1963 2072 2012 ii,
2102 1973 2297 2016 quorum
2314 1957 2452 2015 puers

598 2050 731 2097 atque
755 2039 925 2094 puellae
944 2039 995 2079 ad
1024 2038 1355 2092 perceptionem
1384 2033 1725 2082 frumentariam
1750 2037 1958 2081 nondum
1987 2040 2188 2088 admissi,
2236 2048 2336 2079 tum
2366 2037 2439 2077 de·

599 2130 736 2160 :mum
763 2116 937 2157 fuerant
957 2114 1172 2168 adscripti.
1233 2114 1356 2170 Quae
1377 2126 1529 2157 autem
1553 2116 2099 2158 infraxcommemorantur
2115 2129 2253 2157 novae
2266 2115 2438 2169 puellae

597 2192 1022 2241 faustinianae,
1051 2191 1154 2232 satis
1175 2201 1346 2233 constat
1363 2192 1423 2234 ita
1436 2193 1568 2235 dictas
1590 2193 1647 2235 ob
1665 2194 1831 2247 puellas
1851 2193 1904 2234 ab
1925 2193 2216 2236 Antonino
2239 2191 2437 2232 Pioiam

596 2278 724 2313 antea
758 2282 795 2311 a.
817 2282 861 2310 u.
884 2266 988 2323 894.
1004 2269 1283 2311 eonstitutaa.

507 2444 589 2500 ²⁹)
638 2443 837 2498 capitol.
862 2441 1066 2484 Anton.
1094 2441 1233 2484 Phil.
1259 2441 1369 2499 Cap.
1398 2442 1472 2485 26.
1500 2442 1727 2486 institutae
1761 2457 1798 2486 a.
1827 2457 1874 2487 u.
1908 2454 2009 2502 929.
2095 2443 2271 2485 Mortua
2312 2441 2436 2482 enim

598 2530 665 2564 est
692 2521 955 2561 Faustina
985 2521 1184 2561 Junior
1216 2532 1253 2560 a.
1285 2533 1330 2562 u.
1357 2524 1457 2578 928.
1489 2530 1588 2577 post
1617 2521 1720 2567 Chr.
1747 2535 1791 2565 n.
1813 2529 1902 2579 175.
1929 2522 2077 2566 subito
2106 2520 2285 2570 morbo,
2315 2516 2434 2574 quod

597 2599 721 2642 idem
757 2606 902 2642 narrat
937 2596 1124 2654 Capitol.
1165 2597 1213 2639 in
1251 2597 1348 2640 vico
1377 2597 1578 2642 Halale
1608 2598 1656 2643 in
1685 2598 1902 2643 radicibus
1924 2599 2092 2642 montis
2110 2595 2271 2646 Tauriz
2299 2607 2435 2652 quem

594 2677 752 2722 vicum
780 2675 981 2719 Antan.
1014 2675 1174 2719 deinde
1201 2674 1301 2718 fecit
1329 2677 1578 2724 coloniam,
1610 2677 2053 2732 Faustinopolin
2089 2677 2253 2718 dictam
2286 2674 2436 2729 ibique

597 2756 813 2798 exstruxit
859 2752 1155 2795 Faustinae
1203 2754 1398 2804 aedem.
1440 2755 1684 2797 dedicatam
1741 2765 1889 2811 postea
1910 2791 1913 2794 ,
1937 2754 2321 2810 Heliogabalo.
2380 2753 2435 2795 cf.

596 2832 869 2888 Spartian.
895 2832 956 2872 in-
985 2830 1206 2874 Caracall.
1233 2831 1312 2873 sub
1325 2832 1414 2890 fin.
1453 2832 1604 2875 Aliam
1631 2834 1788 2875 aedem
1816 2833 2016 2875 Anton.
2043 2842 2088 2874 et
2118 2832 2297 2875 Faust.
2316 2832 2435 2873 exhi-

597 2912 671 2952 bet
698 2891 1042 2952 Montetauc.
1092 2910 1161 2949 ed.
1189 2909 1399 2952 Schatz.
1435 2927 1482 2964 p.
1514 2910 1607 2951 116.
1656 2909 1693 2965 §.
1720 2921 1759 2952 α.
1802 2911 1904 2952 Tab.
1942 2908 2022 2962 48.
2050 2916 2092 2960 4.
2143 2909 2198 2948 cf.
2225 2907 2434 2951 Raache

599 2987 735 3028 Tom.
762 2996 801 3038 5.
835 2986 948 3027 Part.
976 2994 1017 3025 Ω.
1043 2997 1085 3037 p.
1117 2993 1235 3037 1302.
1267 2995 1336 3039 27.
1393 2984 1464 3029 Ad
1492 2986 1605 3029 hanc
1647 2986 1973 3029 Faustinam
2002 2985 2433 3041 pertinet-inscriptio

596 3064 714 3118 apud
764 3064 958 3106 Marin.
995 3063 1183 3107 hasce-iz·
1217 3059 1318 3106 Alb.
1347 3076 1394 3117 p.
1426 3069 1503 3116 42.
1540 3079 1584 3110 n.
1608 3072 1679 3118 37.
1709 3063 1765 3107 cf.
1797 3062 2206 3107 Winkeimann.
2246 3064 2279 3108 l.
2314 3066 2345 3108 1.
2385 3075 2432 3106 ee

590 3140 733 3200 Zoega
760 3141 795 3184 l.
824 3141 857 3183 1.
