2910 3518
1448 195 1486 255 7

428 336 913 424 >parentibus
953 318 1431 418 egestuosiS,
1494 346 1747 397 sumt-u
1787 333 2106 415 publico
2150 354 2285 415 per
2334 338 2468 397 Ita-

444 463 596 527 liae
629 457 920 540 oppida
955 458 1059 518 ali
1093 459 1342 534 jussit.
1423 456 1622 531 Cujus
1654 454 2062 529 liberalitatis,
2095 469 2168 515 ut
2188 458 2465 518 in'omni

446 580 580 641 alia'
596 599 665 638 re
685 576 1002 651 laudabili,
1045 590 1372 637 strenuum
1402 575 1626 634 habuit
1643 575 2023 633 imitatorem
2053 576 2144 633 Tr
2156 581 2217 650 aj
2234 598 2266 635 a
2279 599 2319 636 n
2335 600 2377 637 u
2390 600 2470 654 m,

446 702 520 763 in
576 691 713 780 quo
764 694 1081 758 laudando
1135 697 1398 755 PmNms
1430 695 1520 770 ¹¹)
1578 693 1768 754 facit
1811 713 2115 773 quoque
2157 700 2471 759 mentio·

665 818 769 876 pio,
799 819 861 858 ait
897 818 1049 856 Mun
1062 825 1158 855 tor.
1203 817 1382 866 Aurelio
1427 817 1630 866 Victore3
1666 796 1751 869 qua
1784 815 1838 855 de
1861 828 1907 854 re
1936 817 2231 856 consulendus
2259 820 2468 872 estKap-

663 897 794 951 pius
829 894 905 936 1.1.
935 907 975 947 p.
1003 891 1044 935 5.
1082 893 1159 948 qui
1183 892 1330 941 affert,
1378 906 1487 946 quae
1520 888 1784 933 Trotzius
1812 901 1970 933 monet
1997 893 2053 932 de
2080 907 2247 934 memor.
2282 910 2469 950 propag.

665 971 769 1014 Lib.
793 985 828 1012 1.
862 969 969 1023 Cap.
996 979 1037 1021 5.
1065 987 1109 1023 p.
1128 976 1230 1021 994.
1259 980 1305 1011 et
1327 969 1434 1023 Cap.
1462 970 1540 1020 12.)
1557 990 1612 1003 —
1642 978 1686 1010 et
1706 968 1860 1022 lapidis
1879 969 2029 1010 mutili
2050 969 2230 1023 quidem
2247 971 2472 1013 Pisauren-

664 1051 750 1097 εἰς,
795 1046 869 1088 sed
898 1046 951 1087 ab
981 1044 1174 1087 Oliverio
1203 1045 1353 1086 sanati.
1408 1043 1471 1086 At
1497 1044 1869 1094 Muratorius,
1917 1044 1993 1099 qui
2026 1044 2055 1086 l.
2084 1044 2110 1085 1.
2147 1045 2272 1098 sequi
2302 1046 2473 1088 videtur

664 1124 999 1167 Salmasium
1014 1124 1077 1163 ad
1100 1122 1296 1175 Capitol.
1315 1122 1374 1161 M.
1401 1120 1586 1163 Aurel.
1611 1138 1656 1175 p.
1675 1125 1744 1172 83.
1766 1122 1863 1162 vult
1885 1123 2030 1175 potius
2057 1122 2241 1176 intelligi
2279 1125 2474 1164 Nervam

674 1202 920 1256 Trajanum.
992 1198 1109 1239 Sunt
1137 1199 1260 1238 enim
1286 1209 1380 1252 pag.
1400 1207 1458 1238 ¹2.
1490 1211 1553 1253 sq.
1575 1197 1707 1241 rerba
1733 1196 1824 1251 ejus
1856 1198 1981 1238 haec:
2011 1198 2188 1239 Sembra
2218 1199 2296 1240 ben
2313 1199 2392 1253 piis
2412 1205 2475 1242 si-

621 1328 623 1330 v
667 1288 768 1317 curo
796 1276 833 1316 il
855 1275 1053 1325 credere,
1081 1275 1158 1315 alze
1180 1287 1264 1314 non
1293 1275 1473 1324 Nerva,
1501 1288 1573 1314 ma
1606 1256 1763 1315 Nerva‘
1803 1274 2015 1329 Trajauo,
2042 1273 2183 1329 figlz‘o
2208 1276 2397 1319 adotivo
2425 1277 2477 1318 di

667 1354 823 1396 Nerva
843 1349 975 1410 fosse
1000 1352 1256 1391 l’invencore
1281 1352 1336 1390 dc*
1362 1360 1520 1406 questa
1548 1350 1844 1407 Mumfizenza
1862 1360 1946 1391 ecc.
2001 1348 2086 1390 cui
2114 1353 2373 1401 sententiae,
2411 1366 2474 1393 re·

669 1438 817 1483 ceptae
866 1440 1042 1483 quoque
1088 1440 1110 1468 a
1159 1427 1254 1468 Sto
1270 1428 1554 1485 ckmanno
1580 1428 1630 1468 V.
1669 1426 1719 1467 C.
1757 1427 1811 1467 ad
1850 1426 2073 1489 Bacclrii
2099 1430 2260 1469 histor.
2283 1429 2475 1486 jurispr.

669 1520 773 1547 rom.
802 1506 868 1543 ed.
903 1504 1024 1558 1796.
1053 1518 1159 1559 pag.
1190 1512 1286 1555 302.
1324 1505 1348 1529 *
1387 1502 1503 1545 favet
1535 1504 1765 1542 silentium
1798 1503 1998 1541 Dionis
2030 1503 2229 1553 Cassii,
2276 1506 2352 1559 qui
2381 1506 2477 1545 Lib.

666 1583 844 1624 LXVIII.
870 1580 911 1623 5.
949 1580 1180 1633 Traiani
1210 1581 1392 1636 quidem
1430 1583 1476 1619 in
1514 1594 1672 1635 pueros
1702 1591 1830 1635 atque
1850 1583 2017 1635 puellas
2047 1583 2478 1623 laudatmunificen.

670 1662 806 1711 tiam,
848 1667 891 1699 et
926 1658 1136 1699 Nervae
1175 1660 1286 1701 Lib.·
1308 1659 1488 1697 LXVIII.
1528 1667 1568 1698 2.
1609 1660 1655 1696 in
1693 1660 1806 1697 cives
1843 1671 2050 1697 romanos
2079 1672 2257 1698 summa
2291 1670 2477 1715 egestate

670 1748 915 1792 oppressos,
947 1734 1106 1790 quibus
1136 1747 1290 1792 agrum
1320 1735 1461 1783 dedit;
1491 1735 1563 1775 sed
1596 1734 1860 1774 beneficium
1886 1734 1938 1773 ab
1969 1735 2061 1788 ipso
2091 1736 2139 1774 iu
2166 1748 2324 1790 pueros
2347 1747 2477 1792 atque

666 1812 833 1867 puellas
865 1811 1076 1852 collatum
1106 1812 1286 1851 nullum
1318 1812 1446 1865 plane
1481 1819 1820 1850 commemorat.
1903 1809 2117 1850 Attamen
2158 1821 2271 1851 extat
2307 1826 2476 1855 numus

667 1887 881 1929 Nervae
915 1885 1031 1939 apud
1060 1883 1339 1927 Oieelium
1373 1885 1556 1926 xxvffl.
1586 1883 1630 1925 8.
1667 1896 1702 1924 c.
1732 1884 1926 1938 inscript.
1959 1885 2198 1927 TVTELA.
2231 1887 2477 1930 ITALIAE.

667 1963 712 2007 S.
741 1960 790 2004 C.
817 1961 960 2003 Nerva
993 1945 1237 2015 Imperator
1272 1970 1445 2018 togatus
1470 1961 1599 2003 sellae
1626 1960 1790 2001 curruli
1816 1961 2036 2013 insidens,
2077 1970 2182 2004 ‘ante
2219 1977 2324 2007 eum
2359 1966 2477 2008 Italia

670 2051 778 2081 cum
802 2037 975 2079 duobus
997 2036 1264 2087 infantibus,
1295 2048 1431 2092 puero
1458 2047 1502 2079 et
1531 2037 1700 2092 puella,
1739 2045 1856 2077 stans
1886 2038 1981 2090 ejus
2009 2039 2167 2080 tutelae
2196 2052 2242 2081 se
2273 2043 2479 2083 commit.

669 2117 736 2158 tit.
759 2114 813 2156 cf.
839 2111 1038 2154 Eckhel
1074 2115 1151 2156 VJ.
1169 2103 1333 2167 p-468.
1357 2124 1406 2155 ec
1420 2121 1519 2166 424.
1572 2114 1799 2153 Tristan
1841 2114 2071 2155 comment.
2100 2114 2260 2172 history
2303 2119 2415 2159 Tom.
2445 2119 2479 2158 I.

663 2208 711 2248 p.
729 2199 807 2248 94.
835 2191 911 2246 qui
939 2203 1111 2232 numus
1139 2200 1203 2232 cet
1221 2204 1257 2233 a.
1277 2206 1323 2232 u.
1347 2188 1446 2234 850.
1476 2205 1518 2246 p.
1551 2189 1631 2233 ch.
1648 2204 1693 2231 n.
1723 2203 1793 2245 97.
1824 2188 1967 2231 Nerva
1994 2189 2125 2234 Cous.
2150 2193 2220 2233 111.
2242 2213 2298 2227 —
2355 2194 2480 2236 Alius

665 2269 879 2311 Nervae
904 2280 1073 2309 numus
1100 2277 1164 2310 est
1187 2268 1301 2323 apud
1342 2267 1508 2311 Oisel.
1541 2267 1718 2311 LXXIV.
1745 2273 1786 2319 4.
1844 2266 2049 2308 Eckhel
2085 2282 2128 2324 p.
2154 2275 2253 2323 404.
2282 2283 2385 2312 cum
2413 2274 2479 2313 in·
2523 2267 2533 2275 ”

670 2348 812 2401 script.
843 2345 1119 2387 CONGIAR.
1155 2346 1204 2388 P.
1236 2346 1290 2388 R.
1318 2346 1360 2387 S.
1389 2345 1436 2387 C.
1483 2345 1607 2398 cujus
1634 2344 1855 2398 ‚congiarii
1888 2346 2128 2395 memoria,
2181 2358 2480 2403 praeterquam

668 2424 716 2464 in
750 2423 833 2474 hoc
870 2434 1038 2471 numo,
1086 2434 1310 2477 nusquam
1340 2430 1588 2463 conservata
1625 2421 1797 2475 iegitur.
1852 2419 1975 2461 Alius
2010 2421 2203 2474 (Oisel.
2231 2426 2392 2468 LXXV.
2409 2429 2480 2479 9.)

673 2511 780 2539 cum
806 2499 996 2553 inscript.
1027 2498 1224 2542 PLEBEI
1257 2497 1531 2538 VRBANAE
1558 2506 1637 2537 ete.
1667 2509 1803 2551 quam
1829 2498 2105 2550 largitionem
2140 2512 2163 2539 a
2199 2504 2382 2543 nemine
2410 2516 2479 2543 ve.

674 2585 1083 2617 terum.auctorum
1110 2575 1353 2616 memoriae
1387 2573 1591 2614 traditam
1617 2573 1750 2615 etiam
1787 2587 1910 2628 aegre
1938 2574 2136 2615 ferimus.
2196 2575 2342 2632 Quare
2380 2580 2479 2619 nul·

668 2653 740 2694 lus
779 2652 958 2703 dubito,
997 2652 1103 2706 quin
1141 2651 1255 2691 mihi
1293 2650 1580 2705 persuadeam
1614 2646 1915 2696 A‘urel'rum
1946 2647 2235 2694 Victorem
2272 2652 2481 2698 Nervae

668 2730 1021 2770 munificentiam
1047 2727 1267 2777 laudasse,
1297 2726 1395 2768 licet
1414 2727 1580 2776 desint,
1617 2729 1693 2780 qui
1722 2727 1777 2767 ab
1805 2741 1857 2769 eo
1884 2737 1995 2769 stare
2015 2729 2248 2769 videantur
2274 2731 2480 2773 historici·

567 2806 639 2860 ⁸¹)
666 2804 802 2846 Ptin.
829 2804 997 2857 'Paneg.
1029 2803 1137 2857 Cap.
1164 2802 1231 2843 96.
1254 2804 1352 2845 coll.
1383 2813 1438 2856 27
1455 2813 1501 2844 ee
1520 2806 1586 2850 98.
1646 2802 1793 2857 Quam
1816 2802 2037 2845 Plinius
2076 2803 2221 2845 laudat
2252 2806 2480 2858 Traiani

667 2883 1043 2932 munificentiam,
1072 2894 1258 2922 omnem
1299 2879 1528 2921 transferre
1565 2879 1740 2921 videtur
1771 2881 1825 2921 ad
1863 2894 2033 2921 annum
2062 2881 2238 2934 imperii
2266 2883 2384 2925 illius
2418 2899 2481 2926 se-

668 2960 883 3001 cundum.
914 2958 981 3000 Cf.
1005 2958 1198 3000 Baebii
1231 2957 1449 3010 Trajan.
1480 2970 1577 3014 pag.
1607 2967 1675 2998 20.
1704 2972 1794 3013 sqq.
1825 2967 1867 2998 et
1890 2958 2034 3011 Lips.
2062 2967 2105 2999 et
2132 2955 2401 3002 Schwarz.
2429 2963 2483 3001 ad

666 3036 752 3077 loc.
775 3036 890 3079 Ptin.
948 3035 1071 3091 Quos
1094 3035 1367 3090 Lamprid.
1386 3037 1434 3076 in
1451 3036 1578 3085 Alex.
1596 3036 1740 3076 sever.
1769 3035 1875 3088 Cap.
1906 3039 1978 3086 48.
1998 3036 2145 3076 laudat
2164 3037 2388 3089 scriptores
2417 3051 2484 3080 re-

658 3123 770 3151 -rum
799 3124 824 3152 ι
848 3111 1039 3166 Traiano
1064 3125 1290 3168 gestarum
1308 3123 1352 3155 et
1379 3127 1490 3168 quos
1516 3111 1838 3154 Priscianus
1871 3111 1927 3154 ab
1959 3113 2056 3166 ipso
2081 3110 2267 3166 'rajano
2294 3117 2486 3157 conscri-
