2910 3518
1406 240 1446 304 5

417 398 583 465 tum,
622 405 767 446 cum
798 382 960 444 mihi
987 381 1308 444 vindicare
1343 380 1636 458 audeam,
1688 402 1769 441 ne
1799 383 1982 463 quid,
2035 384 2210 474 quod
2247 385 2446 466 expli.

419 506 665 566 catione
699 517 762 564 et
792 478 1212 563 illustratione
1238 499 1548 581 indigeat,
1590 501 1943 581 relinquam
1969 504 2302 581 intactum,
2352 509 2444 565 vi·

421 624 543 684 deo
563 623 634 684 id
664 622 825 683 mihi
856 643 903 703 p
924 624 1084 682 rim
1105 642 1152 681 u
1171 641 1238 682 m
1266 639 1401 681 esse
1421 620 1806 697 faciendum,
1867 633 1941 682 ut
1972 622 2247 684 collectis
2278 638 2443 686 vete·

417 763 560 802 rum
590 743 970 822 scriptorum
1002 742 1188 816 lociS,
1228 739 1403 799 hunc
1431 759 1671 799 morem
1699 740 1872 799 haud
1907 742 2170 803 obscure
2210 764 2442 804 memo·

385 886 390 889 ·
415 862 728 935 rantibus,
786 860 992 940 ipsius
1021 857 1304 940 instituti
1335 845 1790 918 enarrationem
1833 859 2199 939 simpliciter
2228 883 2441 943 prose·

416 953 572 1061 quar
582 1002 600 1055 3
643 979 685 1041 d
707 999 741 1040 e
761 979 854 1040 in
877 977 920 1039 d
943 998 979 1040 e
1014 999 1331 1061 exponam
1360 978 1439 1040 de
1461 979 1680 1068 mod0‚
1722 998 1849 1060 quo
1881 980 1983 1041 usi
2016 982 2143 1042 sint
2173 983 2440 1063 impera·

365 1114 368 1116 ’
412 1115 578 1183 tores
625 1120 859 1186 eosque
899 1100 1219 1160 imitantes
1251 1101 1323 1158 in
1367 1099 1751 1161 conferendo
1791 1099 1914 1160 hoc
1948 1100 2285 1178 beneficiO,
2338 1123 2439 1164 eo-

414 1242 546 1301 que
561 1217 997 1279 conservando
1012 1232 1075 1278 et
1100 1217 1594 1307 administrando
1607 1242 1625 1292 3
1686 1240 1757 1278 ac
1777 1218 1841 1279 -d
1862 1240 1896 1279 e
1918 1221 2009 1279 ni
2033 1243 2074 1301 q
2096 1243 2141 1281 u
2162 1243 2223 1297 e,
2264 1243 2438 1302 prae·

411 1341 601 1399 missa
642 1337 723 1398 de
774 1337 1142 1397 nominibus
1190 1353 1262 1396 ac
1300 1336 1667 1398 conditione
1714 1336 1943 1399 horum
1981 1361 2325 1419 puerorum
2366 1365 2437 1404 ac

411 1460 766 1540 puellarum
832 1458 1311 1542 disquisitione,
1386 1459 1792 1539 investigem,
1871 1480 2000 1539 quo
2073 1461 2435 1528 institutum

408 1579 610 1655 istud,
650 1579 761 1658 vel,x
782 1579 995 1659 potius
1035 1578 1352 1654 instituta,
1406 1578 1570 1639 forte
1604 1580 2041 1659 spectaverint.

1390 1797 1438 1855 I.

557 1913 755 1975 Multi
799 1925 946 1974 sunt
990 1912 1118 1972 loci
1156 1910 1332 1993 apud
1381 1912 1684 1972 historiae
1736 1901 2028 1974 romanae
2078 1919 2429 1998 scriptores,

411 2035 524 2117 qui
556 2032 709 2094 inde
751 2033 827 2092 ab
860 2033 1139 2113 Augusti
1171 2032 1561 2111 temporibus
1593 2032 1968 2108 floruerunt,
2012 2055 2045 2094 e
2079 2028 2310 2116 quibus
2343 2040 2432 2101 fa-

408 2144 795 2233 cilinegotio
817 2173 953 2212 non
973 2165 1219 2211 tantum
1242 2152 1314 2210 in
1334 2153 1702 2224 universum
1734 2154 2049 2232 populum
2081 2176 2427 2235 romanum,

407 2272 519 2334 sed
549 2274 621 2356 in
649 2291 881 2351 pueros
917 2291 1171 2350 quoque
1206 2290 1276 2328 ac
1318 2271 1561 2348 puellas
1612 2291 1853 2330 summa
1892 2274 2272 2354 intelligitur
2317 2280 2432 2337 im-

404 2404 766 2475 peratorum
820 2371 1217 2470 quorundam
1268 2387 1622 2451 liberalitas.
1693 2368 1698 2373 .
1723 2390 1827 2449 Sic
1884 2390 2057 2471 apud
2111 2393 2430 2456 SUETONJ-

405 2533 500 2573 mvr
517 2516 569 2588 ⁷)
594 2512 862 2591 legimus
884 2511 1316 2589 Augustum
1339 2509 1734 2589 congiaria
1757 2511 2053 2590 populo
2075 2509 2430 2592 frequen-

403 2646 517 2693 ter
548 2630 883 2705 dedisse,
925 2649 1005 2688 ac
1038 2649 1130 2688 ne
1171 2627 1846 2711 minoresquidem
1888 2651 2174 2710 pueros
2221 2653 2427 2713 prae-

402 2753 745 2824 teriisse,
806 2750 1154 2828 quamvis
1205 2760 1404 2823 ante,
1463 2768 1618 2809 non
1668 2749 1825 2808 nisi
1876 2750 1962 2808 ab
2013 2749 2423 2815 undecimo

403 2870 681 2931 aetatis
727 2888 922 2927 anno
966 2868 1317 2947 acciPere
1372 2880 1897 2929 consuessent.
2018 2870 2226 2952 Quam
2274 2890 2424 2949 rem,

516 3086 561 3141 ⁷)
589 3086 816 3130 Sueten.
842 3086 974 3144 Aug.
1005 3095 1080 3142 41.
1125 3087 1177 3131 ad
1226 3102 1364 3145 quem
1409 3090 1562 3133 locum
1595 3087 1732 3132 confr.
1768 3086 2136 3131 Casaubonus
2165 3090 2230 3131 ad
2263 3089 2417 3144 Spart.

616 3165 802 3206 Adrian-
819 3175 859 3218 7.
890 3174 935 3205 et
953 3165 1041 3205 Mu
1054 3179 1108 3205 ra
1123 3175 1220 3207 tor-
1246 3168 1277 3207 l.
1297 3167 1328 3207 l.
1350 3183 1396 3219 p,
1421 3173 1498 3219 34.
