2910 3518
1350 230 1427 291 25

376 356 507 417 sint
530 355 738 438 ciues,
774 350 892 431 qui
922 347 1341 429 vndecunque
1373 331 1641 422 collecti,
1682 349 1845 409 nihil
1879 351 2001 411 sibi
2027 350 2393 412 defuturum

375 455 769 526 arbitrantur,
809 449 960 517 dum
984 451 1083 524 sit,
1124 449 1381 508 vrbibus
1403 446 1483 507 ad
1505 446 1798 527 praedam
1818 452 2178 528 propositiS,
2220 452 2395 530 quod

373 553 621 632 rapiant
661 562 723 623 et
753 547 1066 621 aufe‘rant3
1109 559 1217 614 aut
1247 546 1476 610 milites
1507 546 1718 625 probi,
1762 547 1875 625 qui
1905 566 2084 627 pares
2117 550 2392 610 barbaris

369 650 751 723 scelere,r⁴0)
808 646 1123 707 industria
1156 644 1319 710 ,belli
1359 642 1716 731 inferiores,
1770 644 2012 705 nefario
2063 645 2391 708 latrocinio

297 740 303 744 ⁶
374 745 777 816 delectentur.
856 746 1019 826 Quis
1067 756 1275 802 autem
1321 756 1439 816 est,
1495 744 1608 820 qui
1649 744 1913 813 nesciat,
1967 766 2221 809 omnem
2262 746 2390 805 fere

375 845 829 928 rempublicam
855 841 994 901 tum
1023 841 1349 904 exarsisse..
1363 840 1745 919 grauissimis
1778 840 1966 915 odiis,
2006 844 2394 922 improbissi-

373 944 491 1004 mis
528 940 887 1013 fraudibuS,
940 937 1423 999 sceleratissimis
1468 937 1705 1015 rapinis
1754 958 1823 996 ac
1855 939 2042 999 caede
2074 940 2391 1000 nefanda?

372 1039 567 1098 Nulla
610 1037 848 1102 ciuium
877 1036 1107 1115 pietas,
1158 1034 1370 1093 nullus
1402 1033 1639 1113 pudor,
1690 1036 1863 1121 nulla
1906 1037 2129 1096 virtus!
2181 1039 2391 1097 libidi-

370 1156 484 1202 nes
507 1136 946 1215 imperabant,
998 1131 1374 1212 cupiditates
1407 1133 1784 1207 militabant,
1835 1136 2062 1193 inertia
2102 1138 2389 1196 Vtebatur

373 1235 509 1294 iure
535 1234 826 1292 ciuitatis
906 1233 980 1288 In
1010 1230 1489 1293 ista-hominum
1516 1229 1815 1304 colluuie,
1860 1234 2122 1291 conflata
2150 1255 2181 1292 e
2210 1235 2391 1293 liber-

372 1332 482 1402 tis,
543 1329 742 1388 seruis
791 1339 853 1385 et
884 1326 1175 1396 adueni8‚
1225 1345 1344 1403 pro
1382 1326 1615 1404 pietate
1660 1331 2222 1405 erat.-aua1²itia,⁴¹)
2275 1348 2390 1410 pro

372 1427 699 1487 honestate
741 1408 1019 1497 luxuria,
1055 1444 1187 1501 ,pro
1222 1422 1407 1482 laude
1445 1424 1807 1514 turpitudo,
1857 1429 2158 1504 priuatim
2198 1450 2393 1508 praua

375 1525 726 1605 opulentia,
766 1522 1019 1601 publice
1052 1542 1291 1583 summa
1328 1518 1583 1600 egestas,
1605 1525 1698 1594 ⁴³)

531 1622 749 1704 Qualis
794 1638 941 1699 ergo
983 1632 1118 1677 tum
1162 1617 2084 1700 temporis-fuerit-respublica
2118 1645 2390 1700 romana,

375 1719 554 1779 facile
594 1718 999 1795 intelligitur3
1061 1737 1179 1774 nec
1219 1716 1407 1774 facies
1458 1717 1592 1774 eius
1640 1721 2025 1796 conspicitur
2066 1723 2390 1782 immutata

379 1818 495 1878 sub
526 1817 746 1897 primis
787 1814 1294 1894 imperatoribUS,
1346 1814 1555 1871 immo·
1582 1814 1766 1874 bonis
1801 1821 2169 1899 proscriptis
2206 1835 2267 1880 et
2297 1824 2392 1880 in-

374 1916 648 1989 terfectis
682 1914 952 1973 deterior
995 1925 1086 1970 est
1120 1910 1405 1986 facta-⁴³)
1484 1913 1776 1991 Namque
1808 1916 2009 1975 Julius
2047 1918 2272 1977 Caesar
2302 1942 2391 1978 ar.

371 2016 490 2072 mis
526 2026 740 2071 contra
769 2010 1218 2090 rempublicam
1249 2012 1497 2084 sumtis,
1538 2022 1607 2067 vt
1637 2010 1916 2086 haberet,
1959 2017 2186 2093 quibus
2216 2017 2390 2077 domi

372 2112 757 2189 militiaeque
802 2106 1169 2181 confideret,
1227 2126 1370 2163 cum
1411 2109 1683 2164 maxima
1723 2129 1865 2188 pars
1918 2112 2179 2188 ciuium,
2239 2117 2390 2175 vrbe

371 2211 584 2269 relicta
619 2208 697 2266 ad
726 2205 1096 2284 Pompeium
1134 2206 1554 2280 transiissent,
1595 2208 1917 2268 vniuersas
1949 2211 2296 2289 Hispaniae
2331 2229 2391 2274 et

375 2307 613 2367 Galliae
654 2305 835 2363 vrbes
880 2304 1134 2362 ciuitate
1179 2300 1469 2376 donauit,
1528 2303 1747 2384 ibique
1798 2304 2107 2368 delectum
2149 2311 2387 2388 habuit,

422 2494 514 2547 40.)
543 2493 594 2533 cf.
622 2492 723 2532 Dio
749 2489 888 2531 Cass.
913 2490 968 2531 L.
992 2500 1056 2531 10.

423 2572 514 2623 41.)
545 2570 596 2610 cf.
626 2569 723 2608 nio
745 2567 887 2609 Cass.
911 2552 1155 2608 XXXVJL
1177 2574 1244 2621 57·
1266 2554 1487 2607 XXXIX.
1508 2574 1577 2622 55.

422 2647 515 2700 ιμ’.)
541 2645 596 2688 cf.
617 2645 717 2686 Dio
738 2642 880 2685 Cass.
898 2643 1141 2684 XXXVII.
1162 2653 1227 2699 30.
1258 2662 1315 2675 —-
1344 2642 1498 2684 Fusius
1527 2643 1604 2685 hac
1627 2643 1680 2685 de
1711 2656 1754 2685 re
1780 2645 1978 2699 exposuit
1999 2645 2280 2707 Lovesque
2301 2654 2388 2695 Ηί-

536 2723 679 2763 stoire
697 2722 888 2774 critique
910 2720 1026 2774 dela
1045 2718 1298 2773 re'publique
1315 2721 1531 2769 romaine,
1566 2721 1607 2760 T.
1629 2722 1712 2760 III.
1742 2722 1904 2774 (Paris
1926 2722 2052 2778 1807)

422 2798 514 2854 43.)
542 2799 594 2839 cf.
618 2797 720 2837 Dio
741 2794 882 2836 Cass.
916 2796 1134 2836 XLVIII.
1164 2793 1203 2836 6.
1235 2807 1273 2850 7.
1303 2797 1355 2838 cf,
1386 2797 1582 2838 XLVII.
1617 2809 1678 2851 14.
1713 2810 1775 2852 17·
1803 2797 1873 2840 26.
1900 2811 1965 2854 27.
1993 2811 2060 2855 39.
2090 2800 2314 2844 XLVIII.
2338 2816 2388 2860 19

536 2876 594 2918 L.
618 2885 680 2917 [ι.
738 2873 919 2913 Factum
946 2873 1052 2912 adeo
1080 2881 1142 2911 est
1163 2872 1348 2913 Senatus
1376 2873 1657 2921 consultum,
1687 2876 1860 2928 nequis
1890 2876 2137 2925 Senatores,
2168 2879 2270 2934 qui,
2301 2880 2389 2922 for-

537 2954 650 2995 sitan
677 2953 727 2993 in
746 2950 928 3005 gratiam
955 2948 1142 3005 Augusti
1168 2959 1212 2990 et
1235 2948 1445 3000 Antonii,
1475 2951 1645 3004 priuato
1668 2962 1848 3001 sumtu,
1876 2953 2046 2993 alebant
2068 2954 2253 3006 milites,
2280 2971 2301 2997 a
2329 2959 2388 2998 la.

538 3026 723 3068 trocin'io
764 3023 940 3077 (zarda)
982 3027 1098 3068 haud
1127 3022 1429 3076 abhorrentes,
1470 3026 1517 3068 in
1548 3027 1615 3068 ius
1644 3038 1817 3070 vocaret
1844 3041 1893 3070 ea
1921 3029 1974 3070 de
2000 3042 2141 3073 causa.
2204 3034 2257 3075 cf.
2283 3034 2387 3076 Dio

538 3104 682 3144 Cass.
701 3103 874 3143 XLIX.
893 3115 962 3157 43.

2033 3174 2072 3233 4
