2910 3518
1393 221 1475 277 ‘¹9

584 332 822 413 Negari
864 329 1121 410 quidem
1156 351 1287 390 non
1327 343 1561 411 potest,
1613 334 1871 393 Traiani
1911 335 2279 395 institutum
2314 358 2448 418 spe-

431 443 630 501 ctasse
673 431 900 486 ho‘rum
942 441 1281 510 puerorum
1337 451 1406 486 ac
1446 429 1797 508 puellarum
1840 433 2295 492 educationem.
2375 438 2448 492 In

430 530 548 604 ina,
581 527 752 587 enim
791 530 1103 602 oratione,
1164 546 1303 613 qua*
1333 531 1645 607 optimum
1686 529 1898 586 laudat
1941 534 2294 612 Principem
2328 536 2450 592 Pli-

431 624 608 697 nius„
677 624 841 684 inter
883 624 1003 683 alia
1057 623 1210 684 haec
1257 623 1555 702 leguntur
1604 626 1821 684 verba:
1895 639 2022 699 „vt
2073 628 2217 686 iam
2265 629 2453 690 inde

431 722 566 798 „ab
596 712 938 779 infantia
978 734 1372 802 parentem
1416 721 1813 800 publicum
1846 745 2155 783 munere
2190 726 2448 785 educa·

432 820 1467 899 „tionis‘experirenturl'²⁴)
1550 822 1875 900 Quaenam
1917 836 2122 882 autem
2158 823 2446 885 educatio

431 918 555 978 hoc
584 919 724 977 loco
760 917 854 1005 ⁸sit
882 915 1320 996 intelligenda,
1364 918 1508 975 satis
1544 930 1801 994 apparet
1832 939 1910 976 ex
1941 920 2047 992 iis,
2089 940 2246 998 quae
2278 921 2447 982 idem

344 1072 349 1077 ,
430 1016 674 1074 Plinius
711 1014 917 1072 statim
947 1012 1147 1074 addit:
1188 1013 1580 1093 „locupletes
1611 1013 1699 1072 ad
1730 1015 2122 1076 tollendos
2156 1019 2445 1079 liberos

432 1113 759 1192 „ingentia
788 1112 1064 1190 praemia
1106 1124 1168 1169 et
1202 1130 1381 1190 pares
1414 1131 1659 1189 poenae
1701 1112 2132 1185 cohortantur3
2173 1136 2217 1194 p
2232 1137 2377 1196 aup
2391 1138 2448 1176 e·

432 1211 692 1285 „ribus
739 1206 1164 1268 educandis
1209 1227 1336 1266 una
1368 1208 1526 1265 ratio
1565 1221 1657 1267 est
1689 1208 1893 1268 bonus
1927 1212 2244 1290 Princeps,
2323 1216 2447 1273 Hic

432 1306 709 1380 „fiducia
741 1307 841 1369 sui
859 1318 1213 1383 procreatos
1227 1350 1243 1377 ‚
1282 1305 1408 1362 nisi
1426 1304 1806 1383 larga-manu
1829 1304 2007 1364 fouet
2019 1353 2034 1379 ,
2075 1324 2288 1387 auget,
2329 1331 2449 1367 am-

431 1390 773 1483 „plectitur
784 1425 802 1475 3
853 1421 1139 1473 occasum
1181 1399 1566 1480 reipublicae
1603 1400 1949 1462 accelerat.’'
1969 1408 1991 1435 ²
2009 1410 2029 1440 ⁵
2039 1405 2061 1481 )
2140 1407 2227 1464 Et
2260 1407 2450 1484 paulo

431 1499 726 1559 inferius:
778 1546 812 1574 „
827 1516 1014 1579 super
1045 1499 1255 1558 omnia
1298 1510 1392 1557 est
1425 1510 1633 1556 tamen
1647 1545 1661 1573 ‚
1724 1497 1897 1577 quod
1927 1499 2065 1558 talis
2103 1520 2167 1560 es
2183 1548 2198 1576 ‚
2239 1516 2307 1561 vt
2334 1505 2448 1563 sub

435 1612 545 1674 „te
575 1599 684 1656 lib
696 1619 728 1656 e
741 1619 770 1654 r
783 1618 819 1655 o
835 1618 860 1656 s
893 1611 919 1655 t
931 1596 1080 1655 olle
1094 1617 1124 1653 r
1136 1617 1169 1655 e
1201 1575 1392 1654 libeat
1402 1642 1418 1669 ‚
1460 1594 1809 1675 expediat.”
1888 1598 2219 1658 Alimentis
2255 1602 2451 1678 igitur

432 1695 781 1767 infantibus
819 1694 979 1752 datis
1020 1695 1321 1752 excitauit
1351 1695 1660 1753 Traianus
1693 1707 1981 1772 parentes
1994 1740 2009 1769 ‚
2050 1709 2119 1753 vt
2159 1698 2450 1758 tollerent

434 1788 662 1853 liberos
717 1805 778 1852 et
817 1788 1198 1870 reipublicae
1237 1789 1590 1849 educarent.
1651 1783 1657 1786 ’
1695 1791 1905 1871 Quare
1948 1793 2133 1850 etiam
2176 1794 2448 1856 Plinius:

435 1909 831 1970 „magnum
871 1900 1009 1962 est,
1060 1889 1172 1961 ait,
1225 1885 1607 1952 educandi
1648 1887 2265 1963 incitamentum,
2318 1893 2451 1951 tol-

434 1990 642 2065 „lere
694 1988 985 2046 liberos
1036 1985 1115 2042 in
1169 2004 1375 2063 spem
1432 1985 2002 2057 alimentorum3
2063 1992 2301 2060 majus
2356 2003 2451 2048 ta.

410 2091 641 2163 „men
713 2086 793 2144 in
864 2103 1071 2164 spem
1139 2083 1569 2157 libertatis,
1651 2082 1730 2141 in
1805 2102 2014 2161 spem
2086 2087 2452 2147 securita-

435 2186 750 2262 „tis·''²⁶)

605 2389 855 2445 insignibus
891 2386 1077 2432 donauit
1109 2388 1343 2430 reditibus.
1404 2385 1528 2443 Qune
1552 2384 1626 2428 vir
1657 2385 1937 2433 doctissimus
1969 2401 2022 2431 ex
2049 2389 2329 2432 Harduini
2361 2392 2450 2434 Ob-

510 2466 514 2470 ’
604 2484 716 2511 serv.
738 2469 886 2509 select.
910 2482 1015 2521 pag.
1036 2464 1132 2522 776.
1159 2466 1360 2506 desumta
1386 2476 1465 2518 pro
1492 2476 1574 2505 suo
1600 2464 1832 2505 exornanit
1852 2465 2044 2521 ingenio.
2101 2466 2316 2519 Suaresii,
2345 2469 2453 2510 Har.

606 2546 753 2595 duim',
806 2538 977 2598 Vo'pisci
1017 2543 1268 2584 auctoritate
1305 2541 1498 2596 decepti,
1547 2537 1683 2581 multi
1720 2540 1765 2581 in
1784 2530 1786 2532 μ
1803 2540 1922 2583 hune
1959 2541 2211 2603 inciderunt
2248 2557 2456 2589 errorem.

603 2622 747 2678 Quare
768 2620 1010 2664 audiendus
1034 2628 1098 2662 est
1114 2619 1489 2671 Hieronymus
1516 2615 1594 2671 (in
1613 2617 1779 2658 Eccles-
1797 2617 1907 2660 XII.
1928 2619 2022 2673 14.)
2050 2619 2127 2674 qui
2146 2631 2259 2662 recte
2277 2631 2454 2663 monet:

605 2699 828 2754 Majorum
860 2697 921 2749 (i.
946 2710 983 2738 e.
1009 2692 1325 2750 antiquorum)
1361 2709 1540 2750 sequere
1564 2695 1790 2747 vestigia.
1819 2694 1877 2736 ab
1904 2709 2046 2737 eorum
2064 2699 2345 2739 ‘auctoritate
2371 2713 2455 2741 non

606 2777 845 2829 discrepes.
899 2774 1082 2829 Alioqui
1107 2775 1337 2827 quaerenti
1361 2772 1525 2821 multa,
1561 2769 1766 2828 infinitus
1790 2772 1998 2814 librorum
2024 2788 2219 2814 numerus
2243 2786 2457 2827 occurret,

607 2855 684 2908 qui
702 2863 747 2893 te
760 2851 1001 2905 protrahat
1018 2851 1080 2890 ad
1102 2862 1309 2897 errorem,
1339 2859 1384 2890 et
1400 2850 1612 2901 legentem
1630 2844 1964 2905 mulcafrustra
1980 2844 2138 2905 faciae
2154 2841 2373 2894 laboras-e.

493 2929 583 2982 24.)
610 2930 664 2971 cf.
682 2929 824 2987 Plin2
838 2928 1055 2981 Panegyt·
1080 2926 1188 2980 Cap.
1204 2925 1259 2969 26
1280 2935 1323 2968 et
1339 2924 1491 2967 Bach.
1512 2925 1727 2968 Traianus
1750 2940 1858 2980 pag.
1876 2935 1944 2969 21.
1963 2939 2032 2980 sq.

492 3005 580 3059 25.)
607 3005 661 3044 cf.
682 3004 909 3058 1)1,ῐη.1.1.

492 3082 581 3137 26.)
608 3081 662 3125 cf.
679 3080 820 3123 Plin.
840 3082 1060 3136 Panegyr.
1086 3080 1194 3136 Cap.
1214 3090 1283 3138 27.
