2910 3518
1374 256 1447 301 21

384 364 808 458 :prospexisse
841 373 1337 449 institutionem,
1376 373 1525 433 licet
1554 384 1616 433 et
1643 375 2096 454 Imperatorum
2130 386 2193 435 et
2224 374 2432 454 priua·

397 486 608 536 torum
645 472 1099 534 nonnullorum
1141 473 1477 534 hominum
1519 491 1668 531 cura
1710 470 1789 532 de
1834 470 2185 534 excitandis
2227 460 2433 534 litere·

397 594 541 634 mm
570 564 647 633 ‘et
687 575 914 632 artium
954 572 1186 634 studiis
1225 572 1397 632 haud
1439 590 1754 652 quaquam
1800 573 1883 631 sit
1914 572 2226 651 neganda,
2269 594 2430 656 quae

397 683 608 737 tamen
644 657 810 731 nihil
843 675 1175 733 commune
1209 670 1506 731 habuisse
1537 669 1790 730 videtur
1823 690 1966 730 cum
1990 671 2432 734 Alimentario-

397 791 539 831 rum
568 770 898 830 institutis.
976 772 1070 829 Ita
1098 769 1334 830 Plinius
1368 789 1512 827 cum
1539 768 1910 848 audiuisset,
1951 771 2298 851 municipis
2329 774 2429 831 sui

396 867 598 927 filium
642 868 841 927 literis
888 855 1152 946 operam
1190 866 1349 927 dare
1393 865 1777 940 Mediolani,
1826 869 1976 945 quia
2028 869 2233 948 patria
2277 871 2423 928 vrbs

396 966 642 1036 carebat
682 965 1225 1044 praeceptoribus,
1265 964 1629 1044 reprobauit
1657 970 1804 1024 'non
1846 977 2092 1025 tantum
2134 966 2299 1027 hanc
2335 988 2426 1028 ra-

376 1052 634 1122 donem
646 1085 665 1136 3
705 1071 1018 1142 nusquam
1039 1063 1238 1137 enim,
1274 1060 1635 1135 contendit,
1654 1105 1656 1108 -
1675 1082 1906 1141 pueros
1928 1063 2271 1125 iucundius
2294 1086 2426 1125 mo·

391 1161 542 1235 rari,
580 1159 878 1242 pudicius
914 1161 1257 1235 contineri,
1296 1161 1533 1218 minori
1567 1173 1778 1219 sumtu
1823 1161 1907 1220 ali
1942 1171 2130 1241 atque
2166 1162 2424 1239 erudiri,

392 1279 582 1339 quam
612 1260 684 1318 in
715 1259 870 1317 vrbe
901 1260 1128 1338 patria,
1181 1259 1299 1317 sub
1344 1258 1542 1317 oculis
1576 1271 1937 1337 parentum,
1988 1280 2024 1336 a
2057 1274 2422 1342 praecepto·

387 1358 564 1417 ribus
593 1356 847 1436 publice
886 1355 1247 1427 conductis;
1311 1354 1420 1415 sed
1452 1356 1652 1421 ,libere
1685 1358 1979 1435 promisit
2015 1377 2301 1438 quoque,
2354 1355 2420 1422 se

381 1457 635 1515 ter-tiam
660 1441 902 1534 partem
936 1459 1099 1530 ejus,
1140 1453 1315 1534 quod
1348 1454 1632 1513 conferre
1660 1456 2092 1536 municipibus
2125 1458 2416 1536 placeret,

376 1552 707 1628 -daturum,
745 1564 815 1611 vt
844 1552 1269 1620 conducerent
1299 1566 1786 1632 praeceptorem.
1807 1557 1895 1627 ²⁸)
1979 1554 2171 1635 Quod
2210 1567 2411 1635 genus

387 1651 802 1725 liberalitatis,
852 1651 908 1711 si
938 1650 1262 1711 habuisset
1301 1651 1574 1729 aliquam
1617 1649 2099 1710 similitudinem
2133 1654 2233 1713 vel
2267 1676 2413 1716 con·

386 1752 772 1826 junctionem
807 1768 949 1808 cum
977 1749 1504 1826 alimentariorum
1540 1749 1875 1822 beneficiO,
1916 1748 1985 1808 id
2009 1770 2144 1809 non
2175 1752 2414 1832 legere-

384 1867 523 1908 mus
555 1834 1102 1907 commemoratum
1128 1866 1164 1905 a
1190 1846 1391 1905 Plinio
1419 1858 1718 1923 tanquam
1746 1847 2059 1925 singulare
2088 1850 2407 1927 quoddam

366 1938 759 2005 ‘beneficium
785 1944 859 2004 in
890 1944 1245 2024 municipes
1280 1961 1427 2003 suos
1459 1943 1773 2003 collatum.
1851 1947 2061 2019 Majus
2089 1945 2275 2024 hujus
2293 1937 2408 2033 'ge-

382 2044 551 2105 neris
582 2040 956 2104 beneficium
985 2040 1183 2102 fuisse
1214 2040 1465 2102 videtur
1484 2040 1821 2117 Hadriani,
1861 2056 1931 2102 vt
1961 2044 2232 2126 reliquas
2263 2052 2406 2112 reli-

382 2162 652 2222 quorum
685 2143 1051 2220 Principum
1081 2141 1479 2200 liberalitates
1511 2142 1583 2199 in
1614 2141 1822 2199 literas
1854 2154 2116 2216 taceam,
2157 2147 2405 2209 exhibi-

378 2251 516 2301 tum
545 2239 842 2315 Athenis,
878 2239 1206 2298 communi
1234 2238 1428 2319 vulgo
1458 2240 1643 2298 matri
1675 2237 2046 2300 studiorum.
2066 2245 2156 2318 ²⁹)

434 2457 523 2513 28.)
549 2457 756 2501 enplin.
784 2459 936 2512 Epist.
963 2458 1067 2502 Lib.
1094 2460 1170 2503 IV.
1199 2460 1285 2513 Ep.
1308 2470 1371 2516 13.
1429 2458 1568 2499 Multa
1598 2463 1730 2509 su'nt,
1760 2473 1869 2515 qme
1900 2461 2018 2501 hunc
2046 2460 2222 2504 Plinii
2249 2465 2400 2510 locum

546 2537 740 2585 maxime
766 2536 1107 2586 commendent,
1145 2545 1194 2577 vt
1219 2538 1294 2582 vix
1320 2535 1434 2576 mihi
1463 2549 1703 2589 temperare
1725 2539 1914 2589 possim,
1953 2540 2059 2591 quin
2088 2549 2236 2582 totum
2265 2553 2401 2586 trans-

546 2614 745 2655 scribam.
799 2606 907 2653 vm
935 2612 1143 2653 videntur
1166 2595 1344 2662 omnia,
1373 2622 1543 2664 praeter
1569 2612 1698 2661 haec,
1728 2613 1847 2666 quod
1873 2627 2036 2668 nempe
2062 2626 2204 2668 spent
2235 2618 2289 2659 de
2318 2634 2398 2661 suo

547 2688 802 2742 diligentes,
844 2688 921 2743 qui
946 2685 1215 2743 negligentes
1245 2687 1299 2728 de
1329 2688 1471 2728 alieno
1500 2687 1690 2739 fuerint,
1732 2699 1776 2729 et
1804 2691 1923 2744 quod
1952 2691 2087 2732 daron
2118 2692 2221 2734 velit
2250 2696 2400 2737 induci

542 2772 865 2822 praeceptores,
895 2779 1003 2807 cum
1032 2765 1190 2814 multi,
1218 2766 1533 2816 immerentes,
1562 2779 1653 2807 non
1679 2780 1785 2818 suo,
1815 2768 1889 2808 sed
1918 2769 2108 2811 aliorum
2134 2766 2284 2813 studio
2310 2776 2400 2815 sint

544 2844 669 2892 clari,
702 2841 887 2898 iet-qt‘ne
908 2827 1383 2898 probitatem*'quidem
1405 2845 1628 2894 rillustret,
1670 2842 1910 2899 praesenti·
1943 2855 2072 2901 atque
2104 2847 2301 2901 inuidia,
2339 2852 2398 2893 fa.

545 2934 669 2981 mem
699 2925 847 2961 tamen
873 2917 1071 2963 minuat:
1106 2912 1271 2962 vellem
1299 2914 1480 2975 probos,
1509 2921 1766 2975 diligentes,
1794 2921 2001 2963 honestos
2028 2927 2396 2977 commendasset,

454 3027 457 3030 ,
537 3009 621 3038 nee
640 2999 685 3039 in
705 2998 899 3040 eundem
918 2998 1138 3039 incidisset
1158 3011 1377 3047 errorem„
1406 3011 1428 3038 a
1448 3012 1537 3053 quo
1558 3000 1805 3054 municipes
1824 3013 1925 3041 suos
1945 3000 2127 3043 liberare
2144 3014 2339 3047 conatur.

414 3149 521 3207 ⁷²92)
549 3149 652 3191 Dio
676 3128 1008 3213 Gae‘esslL'XX'I.
1030 3157 1096 3204 31.
1127 3150 1202 3201 cet
1220 3149 1393 3191 LXIX.
1415 3159 1440 3205 3
1460 3159 1501 3194 et
1517 3138 1604 3206 23)
