2910 3518
1415 211 1492 274 55

440 332 725 408 Christe,
774 331 1069 392 habuisse
1111 353 1292 392 verae
1333 331 1666 411 probitatis
1709 342 2091 393 ornamenta.
2171 335 2229 393 Is
2273 337 2457 411 enim,

438 453 583 492 cum
633 431 822 492 vellet
882 451 1014 491 esse
1066 444 1314 490 nostrae
1354 430 1717 489 calamitatis
1764 452 1897 489 non
1943 432 2191 491 adiutor
2239 433 2458 508 solum,

436 550 655 590 verum
687 531 872 589 etiam
906 530 1136 602 socius,
1177 548 1295 607 pro
1323 541 1535 588 nostra
1566 530 1762 588 salute
1785 529 2024 588 nullam
2054 532 2210 604 vim,
2251 532 2458 592 nullos

435 627 739 707 impetus,
779 627 1027 687 nullum
1052 627 1225 686 -vitae
1258 615 1599 686 discrimen
1629 628 1878 705 putavit
1907 626 2254 688 vitandum.
2274 631 2367 707 ⁶⁴)

589 821 1042 905 Quamobrem,
1086 821 1140 879 si
1168 820 1293 879 hoc
1320 820 1491 879 idem
1528 821 1889 880 existimant
1922 843 2136 883 omnes
2172 843 2332 900 quos
2358 825 2457 881 vel

432 933 576 979 ante
612 920 961 979 doctrinam
1001 919 1124 978 hoc
1156 939 1355 998 genus
1391 920 1637 997 pietatis
1674 933 2069 998 spernentem
2098 934 2306 995 natos,
2356 921 2456 979 vel

429 1019 601 1076 illam
651 1031 1033 1091 auersanteS,
1088 1038 1222 1074 non
1266 1015 1505 1094 decipit
1549 1018 1866 1096 exemplar
1915 1020 2087 1077 vitiis
2131 1019 2453 1091 imitabile,

430 1135 563 1174 non
607 1116 750 1188 erit,
799 1128 868 1173 vt
904 1116 1159 1192 opinor,
1212 1114 1434 1189 iniqua
1475 1115 1758 1191 partitio,
1801 1116 1881 1188 si,
1925 1135 2068 1174 011111
2109 1115 2282 1175 hunc
2326 1117 2455 1173 ani·

386 1210 390 1213 ’
426 1233 602 1272 11111111
631 1212 927 1291 probum,
969 1231 1160 1287 quem
1199 1208 1276 1269 ad
1321 1210 1609 1288 exempla
1647 1224 1932 1269 veterum
1971 1214 2352 1282 Graecorum
2395 1226 2455 1270 et

426 1311 861 1386 Romanorum
904 1308 1141 1388 fingere
1180 1308 1552 1383 instituunt,
1613 1309 1906 1393 crearint,
1961 1309 2256 1384 aluerint‚
2310 1330 2454 1368 0011-

426 1407 733 1469 firmarint
743 1430 760 1479 3
801 1405 1049 1467 tradant
1079 1426 1222 1466 eum
1254 1405 1511 1466 Christo
1545 1419 1607 1465 et
1639 1406 2101 1467 emendandum
2133 1421 2195 1467 et
2231 1428 2454 1467 ornan-

428 1505 598 1566 dum.
682 1506 1064 1588 Quicunque
1098 1506 1269 1565 enim
1304 1524 1339 1562 a
1371 1504 1602 1563 teneris
1632 1506 1811 1581 sequi
1838 1504 2131 1564 didicerit
2156 1526 2453 1565 veneran-

428 1604 572 1685 dam
599 1604 770 1662 illius
804 1604 1138 1678 rationem,
1176 1604 1231 1662 is
1265 1623 1407 1661 cum
1439 1622 1574 1660 non
1605 1616 1804 1661 careat
1833 1624 1978 1662 vera
1998 1597 2230 1663 virtute
2255 1623 2449 1680 eaque

424 1701 681 1775 fiducia,
742 1720 900 1777 quae
945 1702 1174 1759 nititur
1229 1699 1537 1779 religione
1581 1721 1650 1759 30
1696 1702 1953 1779 pietate,
2016 1720 2149 1759 non
2201 1714 2447 1760 tantum

427 1799 768 1858 acrioribus
824 1797 1117 1857 remediis
1171 1798 1437 1856 aliorum
1486 1798 1674 1856 saluti
1715 1797 2075 1871 subueniet,
2147 1798 2257 1856 sed
2308 1800 2445 1876 ipse

426 1897 615 1976 egens
650 1897 788 1974 opis
820 1908 1139 1968 externae,
1190 1895 1313 1953 sibi
1345 1896 1633 1952 inueniet
1663 1896 1736 1951 in
1768 1894 1875 1951 illa
1915 1897 2079 1951 vitae
2116 1898 2446 1953 sanctimo·
2474 1971 2486 1980 ·

422 1995 530 2052 nia
568 1992 878 2071 optimum
920 1991 1211 2051 fortunae
1257 1991 1578 2067 solatium,
1635 2000 1756 2050 'nec
1799 1992 1871 2050 in
1914 2010 2152 2051 summa
2191 1993 2443 2052 miseria

423 2110 599 2172 spem
642 2091 856 2150 salutis
897 2090 1150 2162 abiiciet
1191 2108 1485 2166 vnquam.
1594 2089 1727 2171 Qui
1766 2110 1945 2164 ver0,
2006 2091 2247 2165 omnia,
2308 2112 2443 2149 non

418 2190 581 2250 bene
606 2189 917 2272 consulta,
956 2189 1028 2247 in
1049 2190 1346 2247 virtutem
1371 2187 1715 2261 trahenteS,
1754 2189 1937 2248 istam
1965 2191 2442 2264 sanctimoniam

417 2270 602 2366 parui
655 2286 976 2365 pendunt,
1037 2305 1297 2361 eamque
1347 2287 1419 2344 in
1463 2284 1903 2360 beneficentia,
1965 2287 2334 2346 liberalitate
2379 2301 2441 2346 et

418 2385 594 2444 omni
625 2386 780 2458 vita,
821 2385 1059 2443 nullius
1098 2403 1230 2442 esse
1271 2383 1577 2441 momenti
1619 2381 1867 2458 dicunt,
1909 2382 2059 2441 dum
2094 2385 2437 2464 impietatis

416 2483 973 2561 vituperationem,
1014 2499 1173 2559 quae
1217 2482 1416 2540 maior
1456 2492 1575 2554 est,
1617 2492 2056 2555 contemnunt,
2098 2500 2440 2559 assequun-

415 2591 519 2636 tur
550 2581 735 2637 etiam
767 2580 968 2655 illam,
1008 2599 1195 2657 quam
1226 2580 1421 2659 magis
1453 2578 1583 2658 ipsi
1612 2576 1897 2656 fugiunt,
1936 2578 2435 2636 inhumanitatis.

412 2675 721 2737 Reddunt
746 2679 915 2755 enim
946 2677 1254 2753 homines,
1296 2678 1434 2737 sine
1465 2678 1713 2750 virtute,
1753 2677 1985 2755 pietate
2018 2689 2204 2754 atque
2235 2679 2437 2735 consi-

415 2773 532 2848 lio,
574 2772 938 2848 deteriores,
981 2788 1042 2834 et
1072 2788 1304 2834 temere
1348 2772 1557 2833 dando
1601 2772 1997 2851 agendoque,
2038 2794 2170 2832 non
2204 2773 2284 2833 ad
2313 2776 2435 2835 vir-

415 2884 644 2947 tutem,
685 2871 795 2931 sed
827 2871 905 2931 ad
935 2871 1106 2931 idem
1137 2892 1380 2951 semper
1411 2869 1874 2950 expectandum
1902 2873 2258 2950 paratiores·

464 3090 544 3147 64)
571 3089 608 3135 ἒς
627 3089 703 3131 ἐπὶ
722 3092 782 3135 τῆς
797 3091 1015 3144 πςοιιειμὺης
1031 3093 1128 3145 ivr?
1139 3094 1279 3146 χαραῖς,
1309 3088 1470 3145 ὁτῖμωε
1486 3091 1622 3144 σανςδν,
1651 3091 1792 3146 κῖχόνης
1809 3089 2085 3144 καταφρονήσεις.
2140 3092 2245 3133 Ebr.
2266 3093 2373 3134 XII.
2391 3101 2429 3132 2.
