2910 3518
1368 197 1402 256 7

237 329 246 333 ·
315 375 321 377 Δ
370 318 604 378 riarum
639 334 843 378 ramos
882 313 1111 376 blanda
1135 327 1458 397 amputare
1487 335 1706 391 manu,
1757 317 2127 397 auxilioque
2161 337 2296 377 esse
2319 320 2389 378 in

367 407 609 516 primis
628 434 741 511 iis,
787 435 903 515 qui
933 447 1394 526 tempestatum
1404 432 1473 493 vi
1506 452 1942 513 concursuque
1971 434 2391 496 calamitatum

365 548 721 618 labefactati
766 552 840 613 in
874 553 1175 632 lacrymis
1211 573 1283 612 ac
1333 551 1656 616 sordibus
1674 553 1899 613 iacent.
1978 552 2176 614 Omni
2215 556 2387 616 enim

366 682 570 733 aetate
607 644 895 747 fuerunt,
947 673 1062 750 qui
1092 672 1269 732 vitae
1309 686 1457 730 'suae
1498 671 1899 750 splendorem
1940 673 2012 732 in
2052 670 2386 733 hominum

362 805 733 870 quaererent
759 791 1029 849 miseria.
1103 790 1268 847 Boni
1305 788 1563 867 quidem
1594 791 1716 847 viri
1754 803 1874 864 est,
1937 804 1999 849 et
2034 792 2250 851 amicis
2281 793 2386 851 be·

354 907 647 976 nefacere
686 920 750 967 et
782 884 1219 995 indigentibus
1229 930 1271 1004 3.
1301 907 1428 967 nisi
1459 917 1669 965 autem
1698 906 2034 967 liberalitas
2067 922 2280 969 nostra
2313 929 2384 969 ac

360 1025 772 1088 beneficentia
799 1026 1037 1089 nitatur
1062 1027 1298 1107 pietate
1328 1046 1398 1084 ac
1424 1025 1765 1104 probitate,
1806 1025 1917 1086 sed
1944 1029 2382 1107 oriaturcupi-

353 1142 551 1213 vditate
580 1159 648 1231 et
676 1146 1187 1226 intemperantia,
1248 1146 1390 1223 quis
1433 1156 1555 1218 est,
1614 1144 1729 1233 qui
1768 1144 1922 1202 velit
1960 1165 2097 1204 eam
2136 1145 2401 1226 praedi:

284 1332 291 1336 -
357 1284 496 1324 care
530 1256 879 1325 virtutem?
942 1264 1090 1346 Quo
1132 1264 1206 1320 in
1249 1262 1575 1341 opinionis
1621 1281 1829 1321 errore
1870 1262 2169 1344 videntur
2217 1263 2380 1324 mihi

353 1370 595 1442 versari
612 1373 855 1457 omneS‚
895 1383 1008 1460 qui
1030 1379 1101 1439 id
1121 1381 1360 1460 ipsum,
1399 1379 1699 1469 prodesse
1723 1380 1880 1460 quid
1903 1383 2009 1457 sit,
2049 1383 2375 1462 ignorant3

311 1518 314 1521 ’
340 1502 469 1581 .un
498 1500 665 1560 nihil
684 1495 915 1581 putant
941 1500 1125 1573 utile,
1166 1471 1333 1558 nihil
1365 1497 1797 1573 commodum,
1837 1500 2163 1580 nisi-quod
2181 1523 2375 1562 manu

351 1620 553 1695 teneri
587 1632 798 1703 potest
808 1642 827 1692 ;
889 1618 1003 1698 qui
1046 1607 1255 1676 statim
1276 1614 1619 1675 laudabile.
1650 1613 1936 1676 iudicant
1978 1632 2039 1677 et
2076 1594 2367 1697 probum,

352 1711 775 1824 quodcunque
813 1738 885 1795 in
928 1755 1106 1797 suam
1136 1755 1269 1794 rem
1302 1754 1435 1794 esse
1468 1714 1901 1814 cognouerint.
1933 1741 2021 1813 ¹⁴)
2100 1740 2372 1798 Praecla-

346 1846 479 1916 ram
512 1854 769 1936 quidem
802 1857 1170 1921 arbitramur
1197 1851 1725 1916 'consuetudinem
1755 1874 2019 1942 eorum,
2055 1858 2167 1936 qui
2200 1860 2368 1918 ciues

348 1976 508 2054 fame
540 1975 832 2056 fatigatos
865 1973 1070 2052 solent
1098 1973 1349 2033 reficere
1377 1993 1570 2053 pane,
1609 1974 2007 2054 pecuniaque
2035 1975 2243 2067 leuare
2273 1978 2369 2035 in-

344 2092 557 2175 opiam
588 2115 970 2175 pauperum:
1009 2113 1171 2173 quae
1202 2067 1353 2152 vero
1386 2092 1534 2167 solis
1563 2113 1896 2172 procerum
1923 2094 2363 2174 largitionibus

340 2215 567 2274 florent
609 2214 919 2289 ciuitateS‚
975 2215 1030 2273 si
1074 2227 1241 2282 certo
1284 2205 1475 2273 sensu
1514 2232 1583 2270 ac
1616 2232 1793 2299 vero,
1846 2234 1978 2272 non
2013 2234 2047 2273 e
2075 2200 2363 2290 libidine,

341 2353 473 2392 rem
490 2332 770 2392 iudicare
792 2332 1091 2406 velimus,
1129 2314 1303 2390 haud
1322 2325 1780 2409 praedicandae
1800 2330 2102 2396 videntur
2126 2309 2360 2408 felices,

340 2449 451 2511 sed
509 2470 775 2532 quarum
833 2450 1005 2510 ciues
1078 2470 1293 2510 omnes
1359 2469 1429 2507 ac
1503 2449 1742 2529 singuli
1798 2449 2034 2509 habent
2091 2444 2359 2528 tantum,

338 2583 644 2660 quantum
677 2558 905 2650 cuique
941 2571 1147 2651 probo
1181 2571 1330 2631 satis
1362 2581 1482 2644 est,
1524 2565 1603 2626 ad
1634 2568 1826 2627 vitam
1853 2568 2018 2629 bene
2052 2569 2356 2653 beateque

267 2741 271 2744 ,
335 2687 818 2771 transigendam.
841 2695 865 2723 ¹
880 2691 931 2767 ⁵)

392 2803 464 2858 14)
488 2803 544 2846 ef.
563 2803 808 2845 Lactant.
835 2803 992 2845 hustet.
1026 2801 1132 2843 Lib.
1154 2802 1232 2845 VI.
1267 2800 1376 2856 Cap.
1401 2798 1448 2853 6,
1480 2809 1545 2855 13.
1599 2801 1668 2843 De
1690 2800 1952 2846 liberalitate
1977 2812 2022 2846 et
2045 2802 2351 2862 largitionibus

469 2880 682 2935 praeclare
708 2878 911 2920 disseruit
936 2876 1042 2921 cic.
1070 2879 1126 2919 de
1146 2873 1274 2938 offic.
1294 2874 1397 2920 Lib.
1417 2880 1474 2919 ΙΙ.
1502 2880 1611 2933 Cap.
1627 2887 1684 2932 ¹5·
1701 2894 1800 2936 sqq.

390 2954 461 3009 κ)
486 2957 539 2996 cf.
557 2956 870 2998 Buttmann
896 2956 982 2997 LI.
1018 2956 1129 2996 Tom.
1155 2955 1206 2998 V.
1223 2969 1336 3009 pag.
1351 2951 1444 2996 558
1462 2968 1561 3010 sqq.
1588 2973 1648 2990 -
1674 2954 1730 2997 Vt
1751 2965 1916 3001 taceam
1939 2955 2157 2998 seriorum
2178 2966 2346 3011 tempo-

303 3011 430 3091 W
469 3042 575 3071 rum
590 3030 839 3108 Principes,
868 3031 953 3075 hoc
971 3032 1142 3074 dictum
1161 3031 1368 3073 laudabili
1385 3044 1466 3075 suo
1485 3031 1824 3086 comprobantes
1841 3032 2071 3087 exemplo,
2101 3042 2264 3075 notum
2281 3041 2347 3074 est
