<?xml version="1.0" encoding="UTF-8"?>
<!DOCTYPE html PUBLIC "-//W3C//DTD XHTML 1.0 Transitional//EN"
    "http://www.w3.org/TR/xhtml1/DTD/xhtml1-transitional.dtd">
<html xmlns="http://www.w3.org/1999/xhtml" xml:lang="en" lang="en">
 <head>
  <title>
</title>
<meta http-equiv="Content-Type" content="text/html;charset=utf-8" />
  <meta name='ocr-system' content='tesseract 3.04.00' />
  <meta name='ocr-capabilities' content='ocr_page ocr_carea ocr_par ocr_line ocrx_word'/>
</head>
<body>
  <div class='ocr_page' id='page_1' title='image "4777056_0014.png"; bbox 0 0 2910 3518; ppageno 0'>
   <div class='ocr_carea' id='block_1_1' title="bbox 1412 234 1454 295">
    <p class='ocr_par' dir='ltr' id='par_1_1' title="bbox 1412 234 1454 295">
     <span class='ocr_line' id='line_1_1' title="bbox 1412 234 1454 295; baseline 0 0"><span class='ocrx_word' id='word_1_1' title='bbox 1412 234 1454 295; x_wconf 81' lang='lat'><strong>4</strong></span> 
     </span>
    </p>
   </div>
   <div class='ocr_carea' id='block_1_2' title="bbox 365 370 2506 2245">
    <p class='ocr_par' dir='ltr' id='par_1_2' title="bbox 415 370 2506 693">
     <span class='ocr_line' id='line_1_2' title="bbox 416 370 2506 454; baseline -0.001 -17"><span class='ocrx_word' id='word_1_2' title='bbox 416 375 616 449; x_wconf 83' lang='lat' dir='ltr'>suasi,</span> <span class='ocrx_word' id='word_1_3' title='bbox 656 372 1038 433; x_wconf 88' lang='lat' dir='ltr'>neminem</span> <span class='ocrx_word' id='word_1_4' title='bbox 1080 371 1319 451; x_wconf 86' lang='lat' dir='ltr'>probe</span> <span class='ocrx_word' id='word_1_5' title='bbox 1363 370 1738 434; x_wconf 81' lang='lat' dir='ltr'>didicisse</span> <span class='ocrx_word' id='word_1_6' title='bbox 1767 374 2001 450; x_wconf 80' lang='lat' dir='ltr'>vitae,</span> <span class='ocrx_word' id='word_1_7' title='bbox 2063 373 2198 454; x_wconf 87' lang='lat' dir='ltr'>qui</span> <span class='ocrx_word' id='word_1_8' title='bbox 2240 374 2449 435; x_wconf 86' lang='lat' dir='ltr'>scho-</span> <span class='ocrx_word' id='word_1_9' title='bbox 2503 383 2506 384; x_wconf 72' lang='grc'>’</span> 
     </span>
     <span class='ocr_line' id='line_1_3' title="bbox 415 492 1403 558; baseline -0.003 -1"><span class='ocrx_word' id='word_1_10' title='bbox 415 499 527 558; x_wconf 86' lang='lat' dir='ltr'>lae</span> <span class='ocrx_word' id='word_1_11' title='bbox 570 514 728 554; x_wconf 90' lang='lat' dir='ltr'>non</span> <span class='ocrx_word' id='word_1_12' title='bbox 762 507 970 554; x_wconf 90' lang='lat' dir='ltr'>recte</span> <span class='ocrx_word' id='word_1_13' title='bbox 1007 492 1403 554; x_wconf 83' lang='lat' dir='ltr'>didicerit.</span> 
     </span>
     <span class='ocr_line' id='line_1_4' title="bbox 566 611 2503 693; baseline -0.001 -20"><span class='ocrx_word' id='word_1_14' title='bbox 566 613 733 674; x_wconf 88' lang='lat' dir='ltr'><strong>Sunt</strong></span> <span class='ocrx_word' id='word_1_15' title='bbox 814 613 1031 693; x_wconf 88' lang='lat' dir='ltr'>potius</span> <span class='ocrx_word' id='word_1_16' title='bbox 1104 611 1241 687; x_wconf 83' lang='lat' dir='ltr'>alii,</span> <span class='ocrx_word' id='word_1_17' title='bbox 1311 632 1473 692; x_wconf 87' lang='lat' dir='ltr'>quos</span> <span class='ocrx_word' id='word_1_18' title='bbox 1540 612 1850 673; x_wconf 84' lang='lat' dir='ltr'>verendos</span> <span class='ocrx_word' id='word_1_19' title='bbox 1915 611 2092 672; x_wconf 84' lang='lat' dir='ltr'>haud</span> <span class='ocrx_word' id='word_1_20' title='bbox 2178 614 2447 693; x_wconf 86' lang='lat' dir='ltr'>ambigo,</span> <span class='ocrx_word' id='word_1_21' title='bbox 2501 663 2503 665; x_wconf 95' lang='lat'>.</span> 
     </span>
    </p>

    <p class='ocr_par' dir='ltr' id='par_1_3' title="bbox 365 708 2479 2245">
     <span class='ocr_line' id='line_1_5' title="bbox 418 708 2451 814; baseline -0.002 -20"><span class='ocrx_word' id='word_1_22' title='bbox 418 735 533 814; x_wconf 90' lang='lat' dir='ltr'>qui</span> <span class='ocrx_word' id='word_1_23' title='bbox 573 732 838 804; x_wconf 87' lang='lat' dir='ltr'>scilicet,</span> <span class='ocrx_word' id='word_1_24' title='bbox 879 730 1252 790; x_wconf 86' lang='lat' dir='ltr'>scholastico</span> <span class='ocrx_word' id='word_1_25' title='bbox 1293 731 1553 809; x_wconf 89' lang='lat' dir='ltr'>quidem</span> <span class='ocrx_word' id='word_1_26' title='bbox 1597 732 1860 811; x_wconf 77' lang='lat' dir='ltr'>pulvere</span> <span class='ocrx_word' id='word_1_27' title='bbox 1905 752 2007 791; x_wconf 89' lang='lat' dir='ltr'>me</span> <span class='ocrx_word' id='word_1_28' title='bbox 2046 732 2317 791; x_wconf 88' lang='lat' dir='ltr'>multum</span> <span class='ocrx_word' id='word_1_29' title='bbox 2355 708 2451 790; x_wconf 83' lang='lat' dir='ltr'>iu·</span> 
     </span>
     <span class='ocr_line' id='line_1_6' title="bbox 418 835 2450 939; baseline -0.001 -29"><span class='ocrx_word' id='word_1_30' title='bbox 418 852 635 927; x_wconf 77' lang='lat' dir='ltr'>dicent</span> <span class='ocrx_word' id='word_1_31' title='bbox 667 851 1108 923; x_wconf 84' lang='lat' dir='ltr'>exercitatum,</span> <span class='ocrx_word' id='word_1_32' title='bbox 1151 848 1261 909; x_wconf 86' lang='lat' dir='ltr'>sed</span> <span class='ocrx_word' id='word_1_33' title='bbox 1292 850 1364 908; x_wconf 90' lang='lat' dir='ltr'>in</span> <span class='ocrx_word' id='word_1_34' title='bbox 1383 850 1498 910; x_wconf 45' lang='lat' dir='ltr'>illa&gt;</span> <span class='ocrx_word' id='word_1_35' title='bbox 1512 848 1883 939; x_wconf 75' lang='lat' dir='ltr'>elegantiori</span> <span class='ocrx_word' id='word_1_36' title='bbox 1896 835 2251 924; x_wconf 76' lang='lat' dir='ltr'>literatura,</span> <span class='ocrx_word' id='word_1_37' title='bbox 2267 842 2275 848; x_wconf 66' lang='grc'><strong>”</strong></span> <span class='ocrx_word' id='word_1_38' title='bbox 2285 868 2450 931; x_wconf 73' lang='lat' dir='ltr'>quae</span> 
     </span>
     <span class='ocr_line' id='line_1_7' title="bbox 419 967 2451 1051; baseline -0 -20"><span class='ocrx_word' id='word_1_39' title='bbox 419 991 570 1032; x_wconf 81' lang='lat' dir='ltr'>sane</span> <span class='ocrx_word' id='word_1_40' title='bbox 611 975 819 1028; x_wconf 83' lang='lat' dir='ltr'>totum</span> <span class='ocrx_word' id='word_1_41' title='bbox 859 967 1189 1028; x_wconf 82' lang='lat' dir='ltr'>hominem</span> <span class='ocrx_word' id='word_1_42' title='bbox 1236 971 1530 1049; x_wconf 80' lang='lat' dir='ltr'>requirit,</span> <span class='ocrx_word' id='word_1_43' title='bbox 1593 984 1667 1029; x_wconf 91' lang='lat' dir='ltr'>ut</span> <span class='ocrx_word' id='word_1_44' title='bbox 1712 990 1831 1051; x_wconf 88' lang='lat' dir='ltr'>pro</span> <span class='ocrx_word' id='word_1_45' title='bbox 1873 970 2118 1031; x_wconf 86' lang='lat' dir='ltr'>honore</span> <span class='ocrx_word' id='word_1_46' title='bbox 2159 969 2355 1031; x_wconf 84' lang='lat' dir='ltr'>seculi</span> <span class='ocrx_word' id='word_1_47' title='bbox 2388 980 2451 1030; x_wconf 92' lang='lat' dir='ltr'>et</span> 
     </span>
     <span class='ocr_line' id='line_1_8' title="bbox 417 1088 2452 1170; baseline -0.002 -17"><span class='ocrx_word' id='word_1_48' title='bbox 417 1088 969 1153; x_wconf 87' lang='lat' dir='ltr'>commendatione</span> <span class='ocrx_word' id='word_1_49' title='bbox 1000 1089 1356 1168; x_wconf 87' lang='lat' dir='ltr'>argumenti</span> <span class='ocrx_word' id='word_1_50' title='bbox 1388 1101 1554 1148; x_wconf 89' lang='lat' dir='ltr'>recte</span> <span class='ocrx_word' id='word_1_51' title='bbox 1597 1102 1659 1149; x_wconf 89' lang='lat' dir='ltr'>et</span> <span class='ocrx_word' id='word_1_52' title='bbox 1688 1088 1914 1152; x_wconf 87' lang='lat' dir='ltr'>ordine</span> <span class='ocrx_word' id='word_1_53' title='bbox 1953 1090 2204 1149; x_wconf 85' lang='lat' dir='ltr'>tractari</span> <span class='ocrx_word' id='word_1_54' title='bbox 2231 1090 2452 1170; x_wconf 84' lang='lat' dir='ltr'>possit,</span> 
     </span>
     <span class='ocr_line' id='line_1_9' title="bbox 415 1206 2454 1291; baseline -0.002 -18"><span class='ocrx_word' id='word_1_55' title='bbox 415 1227 719 1291; x_wconf 79' lang='lat' dir='ltr'>tanquam</span> <span class='ocrx_word' id='word_1_56' title='bbox 767 1209 839 1266; x_wconf 90' lang='lat' dir='ltr'>in</span> <span class='ocrx_word' id='word_1_57' title='bbox 882 1208 1090 1269; x_wconf 84' lang='lat' dir='ltr'>alieno</span> <span class='ocrx_word' id='word_1_58' title='bbox 1137 1207 1277 1267; x_wconf 88' lang='lat' dir='ltr'>foro</span> <span class='ocrx_word' id='word_1_59' title='bbox 1311 1228 1412 1268; x_wconf 90' lang='lat' dir='ltr'>me</span> <span class='ocrx_word' id='word_1_60' title='bbox 1451 1221 1683 1288; x_wconf 87' lang='lat' dir='ltr'>putent</span> <span class='ocrx_word' id='word_1_61' title='bbox 1724 1210 2248 1289; x_wconf 84' lang='lat' dir='ltr'>peregrinantem.</span> <span class='ocrx_word' id='word_1_62' title='bbox 2328 1206 2454 1269; x_wconf 89' lang='lat' dir='ltr'>Sed</span> 
     </span>
     <span class='ocr_line' id='line_1_10' title="bbox 365 1302 2479 1409; baseline -0.001 -20"><span class='ocrx_word' id='word_1_63' title='bbox 365 1302 378 1312; x_wconf 72' lang='lat'>,</span> <span class='ocrx_word' id='word_1_64' title='bbox 416 1332 679 1390; x_wconf 86' lang='lat' dir='ltr'>fortasse</span> <span class='ocrx_word' id='word_1_65' title='bbox 713 1340 776 1386; x_wconf 93' lang='lat' dir='ltr'>et</span> <span class='ocrx_word' id='word_1_66' title='bbox 809 1346 944 1400; x_wconf 79' lang='lat' dir='ltr'>eOS,</span> <span class='ocrx_word' id='word_1_67' title='bbox 1006 1347 1165 1406; x_wconf 88' lang='lat' dir='ltr'>quos</span> <span class='ocrx_word' id='word_1_68' title='bbox 1201 1328 1461 1407; x_wconf 84' lang='lat' dir='ltr'>iniquos</span> <span class='ocrx_word' id='word_1_69' title='bbox 1490 1327 2010 1403; x_wconf 43' lang='lat' dir='ltr'>vereor‘iudiceS,</span> <span class='ocrx_word' id='word_1_70' title='bbox 2049 1326 2360 1409; x_wconf 79' lang='lat' dir='ltr'>benignos</span> <span class='ocrx_word' id='word_1_71' title='bbox 2392 1338 2479 1389; x_wconf 80' lang='lat' dir='ltr'>et·</span> 
     </span>
     <span class='ocr_line' id='line_1_11' title="bbox 414 1445 2456 1531; baseline -0.002 -20"><span class='ocrx_word' id='word_1_72' title='bbox 414 1448 703 1512; x_wconf 85' lang='lat' dir='ltr'>liberales</span> <span class='ocrx_word' id='word_1_73' title='bbox 725 1445 973 1505; x_wconf 88' lang='lat' dir='ltr'>habebo</span> <span class='ocrx_word' id='word_1_74' title='bbox 991 1467 1211 1505; x_wconf 86' lang='lat' dir='ltr'>causae</span> <span class='ocrx_word' id='word_1_75' title='bbox 1231 1467 1409 1522; x_wconf 85' lang='lat' dir='ltr'>meae</span> <span class='ocrx_word' id='word_1_76' title='bbox 1425 1459 1746 1526; x_wconf 77' lang='lat' dir='ltr'>patron08,</span> <span class='ocrx_word' id='word_1_77' title='bbox 1768 1447 1913 1512; x_wconf 86' lang='lat' dir='ltr'>cum</span> <span class='ocrx_word' id='word_1_78' title='bbox 1934 1469 2113 1528; x_wconf 88' lang='lat' dir='ltr'>quae,</span> <span class='ocrx_word' id='word_1_79' title='bbox 2131 1448 2321 1531; x_wconf 86' lang='lat' dir='ltr'>genio</span> <span class='ocrx_word' id='word_1_80' title='bbox 2342 1466 2456 1507; x_wconf 89' lang='lat' dir='ltr'>no·</span> 
     </span>
     <span class='ocr_line' id='line_1_12' title="bbox 413 1549 2458 1649; baseline -0.002 -18"><span class='ocrx_word' id='word_1_81' title='bbox 413 1549 690 1631; x_wconf 82' lang='lat' dir='ltr'>tabiliter</span> <span class='ocrx_word' id='word_1_82' title='bbox 721 1565 800 1625; x_wconf 87' lang='lat' dir='ltr'>ad</span> <span class='ocrx_word' id='word_1_83' title='bbox 820 1564 1130 1625; x_wconf 82' lang='lat' dir='ltr'>invidiam</span> <span class='ocrx_word' id='word_1_84' title='bbox 1152 1578 1214 1626; x_wconf 92' lang='lat' dir='ltr'>et</span> <span class='ocrx_word' id='word_1_85' title='bbox 1237 1566 1750 1628; x_wconf 88' lang='lat' dir='ltr'>obtrectationem</span> <span class='ocrx_word' id='word_1_86' title='bbox 1771 1581 1940 1644; x_wconf 89' lang='lat' dir='ltr'>nato,</span> <span class='ocrx_word' id='word_1_87' title='bbox 1981 1567 2143 1649; x_wconf 87' lang='lat' dir='ltr'>forte</span> <span class='ocrx_word' id='word_1_88' title='bbox 2164 1587 2458 1649; x_wconf 80' lang='lat' dir='ltr'>peccave-</span> 
     </span>
     <span class='ocr_line' id='line_1_13' title="bbox 415 1685 2457 1767; baseline -0.002 -18"><span class='ocrx_word' id='word_1_89' title='bbox 415 1692 537 1749; x_wconf 89' lang='lat' dir='ltr'>rim</span> <span class='ocrx_word' id='word_1_90' title='bbox 558 1690 630 1748; x_wconf 94' lang='lat' dir='ltr'>in</span> <span class='ocrx_word' id='word_1_91' title='bbox 650 1685 1050 1765; x_wconf 83' lang='lat' dir='ltr'>decerpendo</span> <span class='ocrx_word' id='word_1_92' title='bbox 1073 1705 1267 1765; x_wconf 89' lang='lat' dir='ltr'>pomo</span> <span class='ocrx_word' id='word_1_93' title='bbox 1294 1687 1517 1763; x_wconf 87' lang='lat' dir='ltr'>vetit0,</span> <span class='ocrx_word' id='word_1_94' title='bbox 1573 1707 1644 1747; x_wconf 88' lang='lat' dir='ltr'>ea</span> <span class='ocrx_word' id='word_1_95' title='bbox 1674 1685 1756 1747; x_wconf 89' lang='lat' dir='ltr'>de</span> <span class='ocrx_word' id='word_1_96' title='bbox 1795 1708 1982 1749; x_wconf 86' lang='lat' dir='ltr'>causa</span> <span class='ocrx_word' id='word_1_97' title='bbox 2013 1687 2317 1749; x_wconf 84' lang='lat' dir='ltr'>accidisse</span> <span class='ocrx_word' id='word_1_98' title='bbox 2339 1708 2457 1767; x_wconf 86' lang='lat' dir='ltr'>pu·</span> 
     </span>
     <span class='ocr_line' id='line_1_14' title="bbox 416 1798 2478 1892; baseline -0.002 -22"><span class='ocrx_word' id='word_1_99' title='bbox 416 1821 556 1892; x_wconf 85' lang='lat' dir='ltr'>tent</span> <span class='ocrx_word' id='word_1_100' title='bbox 587 1818 662 1866; x_wconf 90' lang='lat' dir='ltr'>ut</span> <span class='ocrx_word' id='word_1_101' title='bbox 684 1826 818 1864; x_wconf 92' lang='lat' dir='ltr'>non</span> <span class='ocrx_word' id='word_1_102' title='bbox 843 1805 1049 1863; x_wconf 84' lang='lat' dir='ltr'>solum</span> <span class='ocrx_word' id='word_1_103' title='bbox 1077 1826 1294 1864; x_wconf 88' lang='lat' dir='ltr'>eorum</span> <span class='ocrx_word' id='word_1_104' title='bbox 1318 1807 1580 1865; x_wconf 88' lang='lat' dir='ltr'>consilia</span> <span class='ocrx_word' id='word_1_105' title='bbox 1614 1820 1676 1866; x_wconf 92' lang='lat' dir='ltr'>et</span> <span class='ocrx_word' id='word_1_106' title='bbox 1695 1808 1855 1887; x_wconf 88' lang='lat' dir='ltr'>ipsis</span> <span class='ocrx_word' id='word_1_107' title='bbox 1879 1821 1947 1872; x_wconf 65' lang='lat' dir='ltr'>vet</span> <span class='ocrx_word' id='word_1_108' title='bbox 1966 1807 2127 1867; x_wconf 89' lang='lat' dir='ltr'>mihi</span> <span class='ocrx_word' id='word_1_109' title='bbox 2143 1798 2478 1881; x_wconf 46' lang='lat' dir='ltr'>&#39;salutari&#39;aj</span> 
     </span>
     <span class='ocr_line' id='line_1_15' title="bbox 414 1922 2459 2006; baseline -0.001 -19"><span class='ocrx_word' id='word_1_110' title='bbox 414 1933 580 2005; x_wconf 81' lang='lat' dir='ltr'>justa</span> <span class='ocrx_word' id='word_1_111' title='bbox 619 1926 865 1983; x_wconf 90' lang='lat' dir='ltr'>ratione</span> <span class='ocrx_word' id='word_1_112' title='bbox 917 1922 1246 2002; x_wconf 88' lang='lat' dir='ltr'>patefiant,</span> <span class='ocrx_word' id='word_1_113' title='bbox 1310 1924 1423 1983; x_wconf 86' lang='lat' dir='ltr'>sed</span> <span class='ocrx_word' id='word_1_114' title='bbox 1476 1926 1833 1983; x_wconf 82' lang='lat' dir='ltr'>acutissima</span> <span class='ocrx_word' id='word_1_115' title='bbox 1876 1947 2132 2006; x_wconf 87' lang='lat' dir='ltr'>quoque</span> <span class='ocrx_word' id='word_1_116' title='bbox 2172 1925 2459 1985; x_wconf 84' lang='lat' dir='ltr'>doctissi-</span> 
     </span>
     <span class='ocr_line' id='line_1_16' title="bbox 420 2043 2458 2125; baseline -0.001 -18"><span class='ocrx_word' id='word_1_117' title='bbox 420 2066 669 2108; x_wconf 89' lang='lat' dir='ltr'>morum</span> <span class='ocrx_word' id='word_1_118' title='bbox 700 2046 984 2104; x_wconf 87' lang='lat' dir='ltr'>virorum</span> <span class='ocrx_word' id='word_1_119' title='bbox 1020 2044 1280 2124; x_wconf 86' lang='lat' dir='ltr'>ingenia</span> <span class='ocrx_word' id='word_1_120' title='bbox 1311 2064 1480 2104; x_wconf 88' lang='lat' dir='ltr'>novo</span> <span class='ocrx_word' id='word_1_121' title='bbox 1517 2044 1962 2105; x_wconf 87' lang='lat' dir='ltr'>collustrentur</span> <span class='ocrx_word' id='word_1_122' title='bbox 2005 2043 2359 2125; x_wconf 87' lang='lat' dir='ltr'>splendore.</span> <span class='ocrx_word' id='word_1_123' title='bbox 2400 2046 2458 2120; x_wconf 82' lang='grc'>6&gt;</span> 
     </span>
     <span class='ocr_line' id='line_1_17' title="bbox 574 2162 2461 2245; baseline -0.003 -18"><span class='ocrx_word' id='word_1_124' title='bbox 574 2168 827 2227; x_wconf 90' lang='lat' dir='ltr'>Locum</span> <span class='ocrx_word' id='word_1_125' title='bbox 858 2165 1083 2243; x_wconf 84' lang='lat' dir='ltr'>igitur,</span> <span class='ocrx_word' id='word_1_126' title='bbox 1139 2163 1290 2223; x_wconf 90' lang='lat' dir='ltr'>licet</span> <span class='ocrx_word' id='word_1_127' title='bbox 1317 2183 1451 2223; x_wconf 90' lang='lat' dir='ltr'>non</span> <span class='ocrx_word' id='word_1_128' title='bbox 1492 2165 1786 2244; x_wconf 82' lang='lat' dir='ltr'>ignotum</span> <span class='ocrx_word' id='word_1_129' title='bbox 1815 2164 2005 2245; x_wconf 80' lang='lat' dir='ltr'>plane</span> <span class='ocrx_word' id='word_1_130' title='bbox 2037 2175 2225 2243; x_wconf 81' lang='lat' dir='ltr'>atque</span> <span class='ocrx_word' id='word_1_131' title='bbox 2255 2162 2461 2223; x_wconf 85' lang='lat' dir='ltr'>deser-</span> 
     </span>
    </p>
   </div>
   <div class='ocr_carea' id='block_1_3' title="bbox 422 2282 2461 2362">
    <p class='ocr_par' dir='ltr' id='par_1_4' title="bbox 422 2282 2461 2362">
     <span class='ocr_line' id='line_1_18' title="bbox 422 2282 2461 2362; baseline -0.003 -16"><span class='ocrx_word' id='word_1_132' title='bbox 422 2301 589 2360; x_wconf 85' lang='lat' dir='ltr'>tum,</span> <span class='ocrx_word' id='word_1_133' title='bbox 648 2305 684 2343; x_wconf 89' lang='lat' dir='ltr'>a</span> <span class='ocrx_word' id='word_1_134' title='bbox 722 2284 980 2341; x_wconf 90' lang='lat' dir='ltr'>nemine</span> <span class='ocrx_word' id='word_1_135' title='bbox 1020 2296 1231 2341; x_wconf 88' lang='lat' dir='ltr'>tamen</span> <span class='ocrx_word' id='word_1_136' title='bbox 1274 2282 1482 2341; x_wconf 88' lang='lat' dir='ltr'>adhuc</span> <span class='ocrx_word' id='word_1_137' title='bbox 1518 2284 1666 2341; x_wconf 89' lang='lat' dir='ltr'>satis</span> <span class='ocrx_word' id='word_1_138' title='bbox 1702 2295 2077 2361; x_wconf 86' lang='lat' dir='ltr'>occupatum</span> <span class='ocrx_word' id='word_1_139' title='bbox 2108 2296 2296 2362; x_wconf 84' lang='lat' dir='ltr'>atque</span> <span class='ocrx_word' id='word_1_140' title='bbox 2332 2283 2461 2340; x_wconf 79' lang='lat' dir='ltr'>c&#39;ul·</span> 
     </span>
    </p>
   </div>
   <div class='ocr_carea' id='block_1_4' title="bbox 537 2391 2521 3217">
    <p class='ocr_par' dir='ltr' id='par_1_5' title="bbox 537 2391 2521 3217">
     <span class='ocr_line' id='line_1_19' title="bbox 537 2391 2459 2449; baseline -0.002 -11"><span class='ocrx_word' id='word_1_141' title='bbox 537 2397 584 2449; x_wconf 79' lang='lat'>⁶)</span> <span class='ocrx_word' id='word_1_142' title='bbox 611 2397 679 2438; x_wconf 74' lang='lat' dir='ltr'>Ec</span> <span class='ocrx_word' id='word_1_143' title='bbox 707 2391 810 2437; x_wconf 78' lang='lat' dir='ltr'>ver&#39;e</span> <span class='ocrx_word' id='word_1_144' title='bbox 838 2404 884 2435; x_wconf 75' lang='lat' dir='ltr'>ec</span> <span class='ocrx_word' id='word_1_145' title='bbox 912 2393 1016 2434; x_wconf 78' lang='lat' dir='ltr'>bene</span> <span class='ocrx_word' id='word_1_146' title='bbox 1044 2394 1212 2436; x_wconf 73' lang='lat' dir='ltr'>monuit</span> <span class='ocrx_word' id='word_1_147' title='bbox 1239 2394 1345 2436; x_wconf 84' lang='lat' dir='ltr'>olim</span> <span class='ocrx_word' id='word_1_148' title='bbox 1374 2393 1407 2434; x_wconf 87' lang='lat' dir='ltr'>F</span> <span class='ocrx_word' id='word_1_149' title='bbox 1415 2406 1435 2434; x_wconf 83' lang='lat' dir='ltr'>a</span> <span class='ocrx_word' id='word_1_150' title='bbox 1448 2393 1722 2435; x_wconf 75' lang='lat' dir='ltr'>eciolatus</span> <span class='ocrx_word' id='word_1_151' title='bbox 1751 2393 1884 2436; x_wconf 74' lang='lat' dir='ltr'>orae.</span> <span class='ocrx_word' id='word_1_152' title='bbox 1917 2394 2023 2436; x_wconf 82' lang='lat' dir='ltr'>XV.</span> <span class='ocrx_word' id='word_1_153' title='bbox 2058 2393 2233 2448; x_wconf 74' lang='lat' dir='ltr'>publice</span> <span class='ocrx_word' id='word_1_154' title='bbox 2274 2393 2459 2435; x_wconf 74' lang='lat' dir='ltr'>hahita:</span> 
     </span>
     <span class='ocr_line' id='line_1_20' title="bbox 644 2458 2461 2526; baseline -0.002 -12"><span class='ocrx_word' id='word_1_155' title='bbox 644 2472 797 2515; x_wconf 82' lang='lat' dir='ltr'>Solent</span> <span class='ocrx_word' id='word_1_156' title='bbox 817 2471 1022 2512; x_wconf 81' lang='lat' dir='ltr'>homines</span> <span class='ocrx_word' id='word_1_157' title='bbox 1043 2470 1277 2512; x_wconf 77' lang='lat' dir='ltr'>liberaliter</span> <span class='ocrx_word' id='word_1_158' title='bbox 1298 2469 1469 2511; x_wconf 76' lang='lat' dir='ltr'>educati</span> <span class='ocrx_word' id='word_1_159' title='bbox 1491 2458 1703 2526; x_wconf 52' lang='lat' dir='ltr'>boniscue</span> <span class='ocrx_word' id='word_1_160' title='bbox 1718 2471 1882 2512; x_wconf 70' lang='lat' dir='ltr'>artibus</span> <span class='ocrx_word' id='word_1_161' title='bbox 1902 2483 1951 2512; x_wconf 76' lang='lat' dir='ltr'>ec</span> <span class='ocrx_word' id='word_1_162' title='bbox 1978 2471 2216 2525; x_wconf 71' lang='lat' dir='ltr'>disciplinis</span> <span class='ocrx_word' id='word_1_163' title='bbox 2243 2472 2461 2522; x_wconf 77' lang='lat' dir='ltr'>instructi,</span> 
     </span>
     <span class='ocr_line' id='line_1_21' title="bbox 642 2537 2459 2603; baseline -0.001 -13"><span class='ocrx_word' id='word_1_164' title='bbox 642 2561 736 2591; x_wconf 84' lang='lat' dir='ltr'>non</span> <span class='ocrx_word' id='word_1_165' title='bbox 773 2558 864 2589; x_wconf 73' lang='lat' dir='ltr'>tam</span> <span class='ocrx_word' id='word_1_166' title='bbox 898 2549 1013 2590; x_wconf 79' lang='lat' dir='ltr'>inter</span> <span class='ocrx_word' id='word_1_167' title='bbox 1040 2561 1087 2589; x_wconf 75' lang='lat' dir='ltr'>se</span> <span class='ocrx_word' id='word_1_168' title='bbox 1127 2547 1353 2602; x_wconf 76' lang='lat' dir='ltr'>opinionis</span> <span class='ocrx_word' id='word_1_169' title='bbox 1393 2549 1704 2600; x_wconf 80' lang='lat' dir='ltr'>contentione,</span> <span class='ocrx_word' id='word_1_170' title='bbox 1743 2561 1881 2603; x_wconf 77' lang='lat' dir='ltr'>quam</span> <span class='ocrx_word' id='word_1_171' title='bbox 1901 2548 2071 2589; x_wconf 69' lang='lat' dir='ltr'>mutuis</span> <span class='ocrx_word' id='word_1_172' title='bbox 2102 2545 2254 2590; x_wconf 77' lang='lat' dir='ltr'>officiis</span> <span class='ocrx_word' id='word_1_173' title='bbox 2278 2537 2459 2590; x_wconf 74' lang='lat' dir='ltr'>certare:</span> 
     </span>
     <span class='ocr_line' id='line_1_22' title="bbox 647 2623 2462 2681; baseline 0.001 -14"><span class='ocrx_word' id='word_1_174' title='bbox 647 2626 783 2679; x_wconf 83' lang='lat' dir='ltr'>fitque</span> <span class='ocrx_word' id='word_1_175' title='bbox 811 2626 1078 2680; x_wconf 86' lang='lat' dir='ltr'>plerumque</span> <span class='ocrx_word' id='word_1_176' title='bbox 1117 2633 1168 2665; x_wconf 84' lang='lat' dir='ltr'>ut</span> <span class='ocrx_word' id='word_1_177' title='bbox 1195 2623 1457 2677; x_wconf 76' lang='lat' dir='ltr'>hujusmodi</span> <span class='ocrx_word' id='word_1_178' title='bbox 1497 2626 1845 2676; x_wconf 65' lang='lat' dir='ltr'>controversiae,</span> <span class='ocrx_word' id='word_1_179' title='bbox 1890 2637 2055 2680; x_wconf 74' lang='lat' dir='ltr'>mugno</span> <span class='ocrx_word' id='word_1_180' title='bbox 2081 2626 2211 2679; x_wconf 76' lang='lat' dir='ltr'>partis</span> <span class='ocrx_word' id='word_1_181' title='bbox 2232 2626 2462 2681; x_wconf 84' lang='lat' dir='ltr'>utriusque</span> 
     </span>
     <span class='ocr_line' id='line_1_23' title="bbox 648 2700 2462 2759; baseline -0.001 -15"><span class='ocrx_word' id='word_1_182' title='bbox 648 2715 867 2744; x_wconf 73' lang='lat' dir='ltr'>consensu</span> <span class='ocrx_word' id='word_1_183' title='bbox 906 2703 1200 2755; x_wconf 67' lang='lat' dir='ltr'>compositu,</span> <span class='ocrx_word' id='word_1_184' title='bbox 1252 2701 1323 2743; x_wconf 80' lang='lat' dir='ltr'>vel</span> <span class='ocrx_word' id='word_1_185' title='bbox 1366 2712 1533 2743; x_wconf 73' lang='lat' dir='ltr'>veteres</span> <span class='ocrx_word' id='word_1_186' title='bbox 1568 2701 1905 2759; x_wconf 74' lang='lat' dir='ltr'>benevolentiae</span> <span class='ocrx_word' id='word_1_187' title='bbox 1942 2700 2281 2743; x_wconf 66' lang='lat' dir='ltr'>necessitudines</span> <span class='ocrx_word' id='word_1_188' title='bbox 2307 2702 2462 2743; x_wconf 78' lang='lat' dir='ltr'>confir-</span> 
     </span>
     <span class='ocr_line' id='line_1_24' title="bbox 644 2767 2521 2834; baseline 0 -13"><span class='ocrx_word' id='word_1_189' title='bbox 644 2787 795 2828; x_wconf 86' lang='lat' dir='ltr'>ment,</span> <span class='ocrx_word' id='word_1_190' title='bbox 842 2778 912 2819; x_wconf 86' lang='lat' dir='ltr'>vel</span> <span class='ocrx_word' id='word_1_191' title='bbox 947 2791 1083 2819; x_wconf 68' lang='lat' dir='ltr'>novae</span> <span class='ocrx_word' id='word_1_192' title='bbox 1108 2780 1379 2820; x_wconf 70' lang='lat' dir='ltr'>constituent</span> <span class='ocrx_word' id='word_1_193' title='bbox 1397 2806 1411 2828; x_wconf 91' lang='lat'>‚</span> <span class='ocrx_word' id='word_1_194' title='bbox 1454 2777 1509 2819; x_wconf 76' lang='lat' dir='ltr'>ad</span> <span class='ocrx_word' id='word_1_195' title='bbox 1536 2778 1765 2821; x_wconf 76' lang='lat' dir='ltr'>literarum</span> <span class='ocrx_word' id='word_1_196' title='bbox 1799 2787 1843 2821; x_wconf 89' lang='lat' dir='ltr'>et</span> <span class='ocrx_word' id='word_1_197' title='bbox 1869 2779 2034 2820; x_wconf 77' lang='lat' dir='ltr'>artium</span> <span class='ocrx_word' id='word_1_198' title='bbox 2060 2777 2296 2819; x_wconf 73' lang='lat' dir='ltr'>commod·</span> <span class='ocrx_word' id='word_1_199' title='bbox 2322 2779 2461 2834; x_wconf 71' lang='lat' dir='ltr'>magis</span> <span class='ocrx_word' id='word_1_200' title='bbox 2518 2767 2521 2769; x_wconf 52' lang='lat'>,</span> 
     </span>
     <span class='ocr_line' id='line_1_25' title="bbox 646 2854 2461 2912; baseline -0.001 -14"><span class='ocrx_word' id='word_1_201' title='bbox 646 2858 875 2912; x_wconf 78' lang='lat' dir='ltr'>magisque</span> <span class='ocrx_word' id='word_1_202' title='bbox 900 2854 1187 2910; x_wconf 74' lang='lat' dir='ltr'>propaganda.</span> <span class='ocrx_word' id='word_1_203' title='bbox 1235 2856 1355 2897; x_wconf 80' lang='lat' dir='ltr'>Idem</span> <span class='ocrx_word' id='word_1_204' title='bbox 1379 2856 1765 2899; x_wconf 73' lang='lat' dir='ltr'>hoc‘Voltnriue</span> <span class='ocrx_word' id='word_1_205' title='bbox 1792 2858 1840 2897; x_wconf 81' lang='lat' dir='ltr'>in</span> <span class='ocrx_word' id='word_1_206' title='bbox 1864 2854 2133 2897; x_wconf 73' lang='lat' dir='ltr'>collectione</span> <span class='ocrx_word' id='word_1_207' title='bbox 2153 2856 2461 2908; x_wconf 74' lang='lat' dir='ltr'>Epistularum</span> 
     </span>
     <span class='ocr_line' id='line_1_26' title="bbox 647 2919 2461 2986; baseline 0 -14"><span class='ocrx_word' id='word_1_208' title='bbox 647 2932 893 2973; x_wconf 68' lang='lat' dir='ltr'>novissime</span> <span class='ocrx_word' id='word_1_209' title='bbox 926 2931 1144 2971; x_wconf 75' lang='lat' dir='ltr'>editarum</span> <span class='ocrx_word' id='word_1_210' title='bbox 1170 2931 1390 2986; x_wconf 76' lang='lat' dir='ltr'>Epist-73.</span> <span class='ocrx_word' id='word_1_211' title='bbox 1448 2934 1501 2975; x_wconf 79' lang='lat' dir='ltr'>Je</span> <span class='ocrx_word' id='word_1_212' title='bbox 1543 2947 1596 2973; x_wconf 86' lang='lat' dir='ltr'>ne</span> <span class='ocrx_word' id='word_1_213' title='bbox 1632 2946 1748 2973; x_wconf 78' lang='lat' dir='ltr'>veux</span> <span class='ocrx_word' id='word_1_214' title='bbox 1799 2933 1930 2985; x_wconf 71' lang='lat' dir='ltr'>point</span> <span class='ocrx_word' id='word_1_215' title='bbox 1966 2931 2023 2971; x_wconf 84' lang='lat' dir='ltr'>de</span> <span class='ocrx_word' id='word_1_216' title='bbox 2048 2919 2202 2985; x_wconf 65' lang='lat' dir='ltr'>guerre</span> <span class='ocrx_word' id='word_1_217' title='bbox 2225 2931 2461 2973; x_wconf 76' lang='lat' dir='ltr'>d&#39;auteurs.</span> 
     </span>
     <span class='ocr_line' id='line_1_27' title="bbox 647 3007 2463 3057; baseline -0.001 -7"><span class='ocrx_word' id='word_1_218' title='bbox 647 3009 740 3051; x_wconf 78' lang='lat' dir='ltr'>Les</span> <span class='ocrx_word' id='word_1_219' title='bbox 756 3007 890 3049; x_wconf 81' lang='lat' dir='ltr'>belles</span> <span class='ocrx_word' id='word_1_220' title='bbox 909 3008 1071 3050; x_wconf 70' lang='lat' dir='ltr'>laceres</span> <span class='ocrx_word' id='word_1_221' title='bbox 1089 3008 1323 3051; x_wconf 70' lang='lat' dir='ltr'>devraienc</span> <span class='ocrx_word' id='word_1_222' title='bbox 1342 3011 1425 3051; x_wconf 77' lang='lat' dir='ltr'>lier</span> <span class='ocrx_word' id='word_1_223' title='bbox 1455 3010 1521 3051; x_wconf 85' lang='lat' dir='ltr'>les</span> <span class='ocrx_word' id='word_1_224' title='bbox 1546 3011 1760 3057; x_wconf 70' lang='lat' dir='ltr'>hommes-5</span> <span class='ocrx_word' id='word_1_225' title='bbox 1790 3009 1895 3049; x_wconf 85' lang='lat' dir='ltr'>elles</span> <span class='ocrx_word' id='word_1_226' title='bbox 1907 3010 1973 3049; x_wconf 89' lang='lat' dir='ltr'>les</span> <span class='ocrx_word' id='word_1_227' title='bbox 1991 3008 2174 3049; x_wconf 73' lang='lat' dir='ltr'>nudent</span> <span class='ocrx_word' id='word_1_228' title='bbox 2191 3008 2463 3049; x_wconf 59' lang='lat' dir='ltr'>&amp;ordinaire</span> 
     </span>
     <span class='ocr_line' id='line_1_28' title="bbox 644 3082 2464 3143; baseline -0.001 -18"><span class='ocrx_word' id='word_1_229' title='bbox 644 3086 847 3125; x_wconf 80' lang='lat' dir='ltr'>ennemc’s.</span> <span class='ocrx_word' id='word_1_230' title='bbox 904 3086 957 3128; x_wconf 78' lang='grc' dir='ltr'>,Ισ</span> <span class='ocrx_word' id='word_1_231' title='bbox 983 3100 1036 3125; x_wconf 80' lang='lat' dir='ltr'>ne</span> <span class='ocrx_word' id='word_1_232' title='bbox 1063 3098 1179 3125; x_wconf 80' lang='lat' dir='ltr'>veux</span> <span class='ocrx_word' id='word_1_233' title='bbox 1205 3088 1336 3138; x_wconf 72' lang='lat' dir='ltr'>point</span> <span class='ocrx_word' id='word_1_234' title='bbox 1363 3087 1488 3127; x_wconf 77' lang='lat' dir='ltr'>ainsi</span> <span class='ocrx_word' id='word_1_235' title='bbox 1518 3082 1733 3143; x_wconf 75' lang='lat' dir='ltr'>profanet·</span> <span class='ocrx_word' id='word_1_236' title='bbox 1749 3086 1802 3127; x_wconf 80' lang='lat' dir='ltr'>la&#39;</span> <span class='ocrx_word' id='word_1_237' title='bbox 1819 3083 2081 3136; x_wconf 76' lang='lat' dir='ltr'>liee&#39;racurae,</span> <span class='ocrx_word' id='word_1_238' title='bbox 2109 3098 2192 3140; x_wconf 67' lang='lat' dir='ltr'>que</span> <span class='ocrx_word' id='word_1_239' title='bbox 2202 3084 2260 3141; x_wconf 78' lang='lat' dir='ltr'>Je</span> <span class='ocrx_word' id='word_1_240' title='bbox 2275 3085 2464 3139; x_wconf 75' lang='lat' dir='ltr'>regarde</span> 
     </span>
     <span class='ocr_line' id='line_1_29' title="bbox 647 3161 1715 3217; baseline -0.001 -13"><span class='ocrx_word' id='word_1_241' title='bbox 647 3177 808 3206; x_wconf 80' lang='lat' dir='ltr'>comme</span> <span class='ocrx_word' id='word_1_242' title='bbox 824 3162 867 3203; x_wconf 83' lang='lat' dir='ltr'>le</span> <span class='ocrx_word' id='word_1_243' title='bbox 898 3162 1002 3216; x_wconf 81' lang='lat' dir='ltr'>plus</span> <span class='ocrx_word' id='word_1_244' title='bbox 1028 3161 1099 3204; x_wconf 78' lang='lat' dir='ltr'>bel</span> <span class='ocrx_word' id='word_1_245' title='bbox 1127 3176 1331 3217; x_wconf 78' lang='lat' dir='ltr'>apanage</span> <span class='ocrx_word' id='word_1_246' title='bbox 1365 3163 1421 3204; x_wconf 82' lang='lat' dir='ltr'>de</span> <span class='ocrx_word' id='word_1_247' title='bbox 1447 3161 1715 3205; x_wconf 78' lang='lat' dir='ltr'>l&#39;humanice‘.</span> 
     </span>
    </p>
   </div>
  </div>
 </body>
</html>
