2910 3518
1338 222 1408 282 ²7

339 364 507 425 n'em
581 359 915 443 pueros*
953 374 1028 423 et
1110 361 1415 443 puellas
1492 383 1871 424 novorum
1948 363 2362 441 hominum,

339 483 894 545 frumentariae
997 483 1503 565 perceptioni
1617 481 1948 543 adscribi
2060 506 2361 566 praece-

553 660 692 717 Zoega
720 673 852 714 super
876 658 957 700 hac
984 672 1030 700 re
1060 660 1276 700 disseruit.
1334 661 1530 711 Ancora,
1559 661 1728 715 inquit,
1763 662 1805 701 le
1834 662 2055 715 medaglie
2072 678 2101 702 a
2125 665 2194 704 tal
2222 662 2362 718 quelle

550 740 627 778 che
644 753 724 778 con
743 739 792 777 la
808 752 890 776 sua
908 747 1033 776 testa
1060 740 1261 777 esistono
1295 752 1347 777 ne
1368 741 1472 778 evvi
1499 734 1658 790 ragion
1686 737 1738 778 di
1756 738 1950 787 credere,
1982 738 2058 779 che
2075 739 2145 780 nel
2163 740 2361 782 rovescio

549 818 624 856 sia
642 816 731 854 ella
752 823 1097 865 rappresentata
1121 814 1349 865 piuttosto
1377 813 1452 852 che
1475 801 1557 853 sua
1590 810 1735 869 figlia
1771 812 1818 853 la
1850 814 2050 866 giuniore
2083 812 2118 855 F
2128 814 2359 864 anetina,

552 891 595 931 le
627 892 698 930 cui
711 879 926 947 fattezze
943 891 988 929 si
1013 891 1291 930 riconoscon'o
1307 890 1424 930 nella
1445 888 1603 946 figura
1620 889 1872 942 principale
1899 890 1970 931 del
2002 901 2155 934 nostro
2194 892 2360 933 Basse·
2419 918 2424 922 -

548 968 734 1018 rilievo,
769 984 792 1007 e
815 966 862 1008 la
887 966 1015 1022 quale
1042 967 1170 1008 assai
1194 965 1398 1008 naturale
1423 965 1445 1006 ὲ
1468 979 1679 1021 supporre
1707 966 1781 1008 del
1807 967 1950 1021 padre
1970 968 2220 1010 iucaricata
2253 969 2359 1010 dell‘

547 1059 691 1085 amma
716 1042 1038 1084 distribuzione
1060 1043 1114 1083 di
1142 1043 1291 1097 questi
1314 1043 1529 1082 alimenti.
1587 1042 1643 1082 Et
1669 1042 1802 1096 paulo
1828 1041 2034 1084 inferius:
2086 1044 2175 1086 Con
2207 1055 2360 1099 queste
2394 1073 2399 1077 -

546 1130 714 1160 monete
745 1135 871 1172 egr-eg
879 1121 1068 1159 iamente
1089 1115 1315 1158 s’accorda
1344 1118 1381 1158 il
1404 1127 1556 1159 nostro
1575 1115 1893 1168 ὗαωονὶῖίσυο,
1928 1131 2009 1160 ove
2031 1121 2247 1160 Faustina
2260 1124 2357 1174 giu·

545 1198 693 1245 niore,
732 1196 846 1234 ch'in
864 1181 1247 1249 quelle'suppongo
1278 1208 1420 1233 essere
1447 1193 1495 1233 Ia
1516 1192 1674 1249 figura
1701 1195 1880 1243 assisa,
1925 1196 2105 1237 trovasi
2140 1209 2273 1249 sopra
2303 1211 2357 1237 un

548 1280 759 1323 suggesto
783 1271 830 1309 in
854 1269 985 1323 piedi
1013 1270 1232 1308 assistita
1257 1270 1317 1308 da
1344 1270 1465 1308 altra
1484 1270 1653 1318 donna,
1690 1284 1713 1308 e
1735 1270 1891 1320 stende
1914 1270 1949 1310 il
1976 1270 2151 1312 braccio
2182 1273 2227 1312 in
2256 1281 2358 1314 atto

486 1362 490 1364 ·
547 1348 601 1388 di
636 1328 814 1388 versare
850 1354 974 1387 certa
1012 1360 1116 1387 cosa
1163 1346 1224 1385 da
1268 1360 1325 1386 un
1371 1358 1482 1386 vaso
1514 1344 1699 1398 oblongo
1733 1346 1864 1399 quasi
1894 1346 2130 1387 cilindrico
2158 1347 2228 1388 nel
2257 1362 2357 1389 seno

546 1425 676 1465 d’una
698 1421 920 1481 fanciulla
943 1423 1018 1464 che
1046 1423 1087 1464 le
1113 1424 1157 1463 si
1185 1419 1244 1478 fa
1273 1424 1475 1472 innanzi,
1519 1424 1699 1476 seguita
1730 1423 1857 1462 d'una
1878 1423 2054 1463 schiera
2075 1422 2238 1464 d’nltre
2262 1426 2359 1478 gio-

545 1510 752 1549 vane-tte,
778 1498 910 1540 'delle
937 1500 1063 1555 quali
1089 1500 1129 1540 le
1162 1497 1243 1552 piit
1268 1502 1414 1539 vicine
1436 1514 1521 1553 par
1549 1499 1627 1538 che
1654 1501 1700 1539 si
1721 1502 1960 1556 preparino
1992 1514 2021 1539 a
2044 1496 2130 1555 far
2156 1516 2258 1555 seno
2287 1503 2359 1542 del

544 1577 637 1618 loro
660 1587 823 1624 manto,
852 1576 922 1617 nel
941 1586 1086 1629 tempo
1117 1575 1193 1616 che
1218 1575 1346 1616 dalla
1371 1574 1519 1615 banda
1546 1585 1740 1630 opposta
1772 1577 2020 1616 s'avoicina
2040 1578 2163 1618 altra
2191 1587 2355 1632 trappa

542 1653 595 1695 da·
622 1654 766 1693 simili
792 1666 995 1707 ragazze.
1081 1651 1284 1691 Faustina
1319 1648 1474 1692 Senior
1512 1651 1635 1691 diem
1672 1651 1783 1691 obiit
1816 1665 2080 1705 supremum
2110 1666 2145 1694 a.
2175 1667 2217 1694 ιι.
2253 1652 2351 1706 894.

540 1739 650 1784 post.
672 1728 821 1769 Ch.'n.
855 1735 946 1780 ¹4¹·
965 1728 1095 1768 numi
1114 1739 1218 1768 vero
1236 1728 1490 1781 spectantin
1510 1728 1666 1782 primis
1691 1740 1727 1767 a.
1756 1741 1798 1767 u.
1830 1733 1935 1779 90⁸4.
1965 1739 2075 1782 post.
2097 1727 2173 1769 Ch.
2199 1743 2243 1770 n.
2268 1738 2353 1781 ¹5¹·

541 1827 598 1840 ——
628 1805 922 1847 suaresius
957 1805 1115 1846 Praen.
1142 1814 1236 1844 ant.
1262 1819 1367 1858 pag.
1396 1812 1464 1855 52.
1498 1804 1683 1855 (Thes.
1710 1804 1830 1843 Ant.
1861 1805 2037 1846 Italic.
2081 1807 2190 1846 Tom.
2229 1807 2354 1869 VIII·

542 1884 672 1925 Part.
690 1882 759 1933 lg.)
790 1888 1113 1921 commemorat
1140 1888 1306 1933 praeter
1332 1880 1505 1934 puellas
1545 1879 1937 1920 Faustinianas
1970 1895 2129 1934 pueros
2163 1895 2354 1935 quoque,

542 1959 720 2001 fortasse
747 1970 820 2011 per
850 1969 1055 1997 errorem.
1113 1954 1205 1997 Nisi
1234 1955 1363 1999 enim,
1390 1955 1647 1994 institutum
1674 1959 1928 2008 spectaverit
1955 1958 2154 2005 Traiani,
2197 1960 2265 1996 vel
2294 1960 2353 1997 la-

536 2036 687 2090 pidem
720 2034 831 2088 apud
865 2034 1076 2074 Gruter.
1117 2031 1383 2076 CCCXXX.
1413 2039 1452 2083 3.
1491 2033 1567 2086 qui
1604 2031 1750 2072 laudat
1795 2031 2092 2077 ALVMNVM
2129 2032 2353 2077 FAVSTI.

482 2132 487 2139 ¹
537 2111 680 2161 NAE,
717 2110 770 2151 ab
808 2110 890 2151 hoc
920 2110 1103 2165 quidem
1132 2110 1335 2151 instituto
1365 2108 1715 2159 alienissimum,
1754 2121 1891 2164 quem
1921 2120 2147 2151 auctorem
2173 2123 2352 2154 secutus

536 2190 591 2230 sit
621 2188 945 2238 Snaresius‚
972 2187 1062 2227 suis
1088 2186 1276 2229 subinde
1305 2185 1539 2227 delectatus
1572 2186 1854 2235 commentis,
1885 2187 2013 2240 plane
2031 2201 2124 2228 non
2150 2190 2294 2231 video.

431 2287 506 2342 ⁸³)
539 2287 736 2343 Capitol.
775 2286 980 2329 Anton.
1010 2284 1146 2323 Phil.
1206 2284 1314 2337 Cap.
1343 2298 1390 2322 ιι.
1457 2283 1533 2336 qui
1580 2286 1859 2331 Antoninum,
1906 2286 2075 2337 inquit,
2124 2290 2241 2327 omni
2284 2288 2351 2328 rei

531 2361 855 2423 frumentariae
873 2363 1154 2409 consuluisse,
1184 2374 1253 2399 ac:
1291 2363 1358 2399 rei
1378 2357 1704 2416 frumentariae
1726 2363 1931 2412 grauiter
1947 2362 2217 2414 providisse.
2278 2362 2348 2404 Ad

536 2453 647 2495 quoe
673 2441 815 2488 locos,
843 2439 1099 2492 (illustratos
1117 2438 1314 2491 quodam
1332 2437 1466 2476 modo
1490 2438 1574 2490 leg.
1592 2441 1633 2484 8.
1658 2437 1725 2477 D.
1744 2437 1799 2477 de
1818 2435 2035 2479 transact'.
2058 2440 2201 2478 multa
2224 2439 2347 2480 enim

533 2518 596 2559 ibi
622 2517 915 2571 explicantur,
944 2526 1053 2570 quae
1077 2513 1129 2555 ab
1156 2512 1386 2555 Antonino
1404 2513 1602 2554 instituta
1622 2522 1727 2554 sunt
1757 2513 1812 2554 de
1841 2513 2063 2555 alimentis
2083 2524 2344 2557 testamento

532 2595 692 2636 relictis
719 2601 795 2633 aut
827 2593 984 2632 mortis
1016 2603 1142 2631 cauea
1184 2574 1407 2652 donatia)
1429 2589 1587 2645 dignus
1624 2599 1709 2638 est,
1754 2590 1830 2644 qui
1863 2591 2030 2646 legatur
2067 2589 2342 2633 casaubo-

530 2684 660 2720 nus,
689 2670 763 2725 qui
788 2682 835 2711 se
861 2668 1024 2710 nescire
1052 2669 1242 2722 ingenue
1270 2667 1454 2716 fatetur,
1492 2680 1580 2721 quo
1611 2666 1769 2706 ultima
1796 2667 1928 2708 verbu
1958 2677 2180 2721 spectent,
2217 2680 2341 2710 men-

528 2750 650 2790 tione
667 2748 728 2787 rei
749 2746 1059 2787 frumentariae
1087 2745 1176 2785 iam
1204 2743 1326 2787 facte.
1411 2744 1572 2785 Nullus
1593 2752 1745 2784 autem
1773 2743 1968 2795 dubitat,
2006 2746 2114 2801 quin
2142 2760 2216 2786 res
2239 2741 2341 2803 fru.

528 2825 747 2866 mentaria
785 2823 951 2862 dicatur
988 2823 1042 2863 de
1086 2821 1320 2863 frumentis
1358 2822 1564 2862 universo
1595 2821 1762 2874 populo
1791 2834 1815 2861 e
1850 2819 2016 2871 Sicilia,
2046 2822 2249 2877 Aegypto
2296 2833 2340 2865 et

527 2901 673 2946 Africa
708 2899 1011 2955 apparandis,
1058 2899 1271 2942 alimenta
1298 2906 1449 2940 autem
1474 2896 1529 2939 de
1552 2912 1667 2953 pane
1693 2898 1891 2954 gradili,
1932 2897 2045 2954 (qui
2073 2899 2239 2954 populo
2268 2898 2337 2940 vel

526 2993 609 3034 pro
634 2978 838 3035 gradibus
861 2976 1216 3032 Amphitheatri,
1262 2986 1314 3018 ut
1336 2977 1520 3032 quidam
1547 2976 1731 3027 volunt,
1765 2976 1837 3017 vel
1867 2975 2098 3018 tribunalis
2125 2976 2217 3017 sive
2234 2989 2334 3031 sug·

520 3043 671 3109 genua
695 3055 901 3110 principie
931 3054 1205 3110 congiarium
1228 3049 1368 3095 veluti
1393 3053 1668 3110 praebentis,
1713 3053 1784 3093 vel
1820 3054 1957 3092 etiam
1994 3054 2132 3106 ipsius
2168 3052 2335 3101 Palatii,

525 3132 580 3170 ιη’
605 3130 702 3175 alii,
747 3131 893 3170 verius
923 3131 1126 3181 fortasse,
1172 3140 1375 3180 censent,
1420 3130 1775 3172 distribuebatur.
1832 3128 1967 3183 Quae?
1982 3117 2243 3168 distributio
2280 3142 2340 3170 ne

1778 3216 1812 3270 5
