2910 3518
1373 236 1450 298 50

406 363 539 424 tius
588 360 894 440 reperisse
914 356 1213 417 videntur
1252 353 1599 415 remedium
1633 367 1694 414 et
1726 354 2056 432 efficaciuS,
2095 356 2290 437 idque
2311 378 2436 418 ma·
2484 344 2489 349 ¹

406 448 543 521 lum
563 459 638 518 ab
660 457 805 517 imis
836 454 1156 516 radicibus
1194 472 1407 514 eruere
1440 451 1849 537 studuerunt,
1891 475 2035 515 cum
2065 469 2197 516 non
2221 475 2438 535 proce-

407 577 506 618 res
541 567 789 616 tantum
830 539 1242 633 reipublicae,
1295 548 1406 609 sed
1448 550 1818 611 vniuersum
1847 552 2161 632 populum
2183 601 2198 628 ,
2248 553 2435 634 plebe

406 653 583 715 haud
614 652 898 733 neglecta
921 695 938 725 ,
977 651 1274 708 iuuarent
1303 646 1647 708 beneficiis.
1670 652 1757 723 5⁷)
1833 652 2293 734 Et-cmnsrecte
2326 652 2437 712 du-

405 753 680 811 bitarent
710 749 789 808 de
818 750 1052 828 pietate
1086 759 1274 824 atque
1308 746 1381 803 in
1420 748 1684 823 patriam
1716 767 1786 806 ac
1824 747 2181 825 principem
2229 769 2436 811 amore

409 870 655 920 eorum,
697 867 856 925 quos
887 844 1135 924 legibus
1164 863 1234 900 ac
1264 842 1536 901 vinculis
1568 855 1826 902 naturae
1847 861 1982 902 non
2009 843 2321 926 contineri
2341 848 2437 905 in-

405 948 794 1027 telligerent3
833 943 905 1000 id
928 945 1070 999 ante
1102 941 1315 997 omnia
1348 955 1660 1012 curarunt,
1702 955 1771 998 vt
1800 956 2092 1019 parentes
2126 931 2332 1000 amore
2364 928 2438 1001 li-

402 1044 699 1104 berorum
733 1040 911 1100 ducti
942 1038 1261 1098 discerent
1288 1038 1556 1116 patriam
1586 1056 1788 1095 amare
1811 1057 2002 1117 seque
2038 1058 2106 1096 ac
2131 1059 2278 1099 suos
2302 1061 2456 1119 spe-¹

405 1160 541 1200 rare
565 1138 802 1212 saluos,
844 1135 1015 1196 salua
1035 1134 1385 1212 republica,
1426 1133 1720 1211 Principe
1742 1135 1930 1193 bono.
2009 1138 2440 1196 Promiserunt

404 1239 604 1318 igitur
633 1248 821 1313 atque
853 1230 1167 1292 dederunt
1201 1229 1568 1310 parentibus
1594 1231 1809 1320 egenis
1828 1242 2092 1305 tantum,
2132 1245 2437 1310 quantum

403 1349 543 1396 tum
571 1333 877 1411 temporis
926 1331 1155 1407 cuique
1196 1329 1400 1407 probo
1447 1329 1593 1387 satis
1648 1342 1804 1402 erat,
1853 1342 1922 1387 vt
1961 1329 2230 1389 libenter
2257 1332 2328 1389 in
2371 1352 2436 1390 se

405 1431 754 1509 susciperet
785 1426 1180 1485 educationis
1205 1444 1416 1482 curam
1448 1436 1635 1500 atque
1671 1425 1964 1485 laborem.
2043 1426 2244 1485 Antea
2267 1430 2437 1486 enim

403 1526 796 1610 pauperibus
844 1525 1095 1582 nullum
1138 1521 1597 1597 concedebatur
1627 1521 2032 1596 beneficium,
2074 1523 2184 1582 sed
2228 1527 2340 1604 qui
2369 1527 2437 1584 vi

407 1640 596 1705 atque
637 1633 950 1703 potestate
990 1618 1346 1699 pollebant,
1389 1618 1470 1679 ad
1514 1637 1577 1677 se
1611 1638 1828 1697 rapere
1869 1620 2153 1678 solebant
2204 1624 2435 1681 omnia.

402 1720 670 1784 Praedas
693 1718 950 1779 bellicas
973 1716 1248 1775 militum
1276 1713 1464 1775 duces
1495 1735 1638 1774 cum
1664 1716 1884 1795 paucis
1921 1716 2331 1796 diripiebant,
2373 1731 2435 1778 et

405 1831 699 1901 parentes
724 1828 784 1875 et
804 1815 990 1893 parui
1002 1812 1275 1871 militum
1294 1798 1496 1886 liberi,
1535 1812 1628 1871 vti
1649 1813 1917 1891 quisque
1929 1815 2270 1892 potentiori
2290 1834 2436 1875 con-

401 1918 549 1979 finis
576 1928 734 1988 erat,
778 1911 1034 1973 sedibus
1079 1909 1234 1968 adeo
1258 1910 1670 1989 pellebantur.
1695 1918 1714 1948 ⁵
1730 1914 1780 1985 ⁸)
1860 1913 2172 1979 Traianus
2207 1926 2431 1988 autem,

401 2015 650 2077 romani
682 2011 962 2071 nominis
990 2028 1165 2087 spem
1192 2009 1502 2067 sumtibus
1528 2009 1657 2066 suis
1675 2008 1762 2066 ita
1785 2012 2081 2089 suscepit,
2121 2008 2435 2091 vt‘paren-

400 2128 570 2187 tum,
610 2111 1006 2180 liberorum,
1069 2127 1319 2179 senum,
1377 2105 1749 2179 infantium,
1809 2128 2153 2185 puerorum
2204 2109 2434 2168 clamor

400 2232 550 2274 eum
571 2209 893 2287 exciperet
913 2204 1298 2283 reipublicae
1332 2217 1675 2284 parentem.
1697 2212 1717 2241 ⁵
1731 2206 1787 2281 ⁹)

455 2346 544 2402 57·)
575 2342 797 2385 Laudatur
822 2339 1008 2395 quidem
1033 2338 1090 2378 ob
1116 2338 1262 2378 simile
1289 2338 1458 2378 factum
1481 2337 1661 2386 Caesar,
1690 2337 1866 2379 cf--Dio
1884 2338 2024 2384 Cass.
2044 2341 2147 2382 Lib.
2166 2342 2341 2383 XLIII.
2369 2354 2432 2399 ¹7⁴

571 2429 639 2476 25.
659 2429 728 2476 50.
755 2416 986 2472 Augustus
1004 2414 1056 2456 cf.
1077 2415 1180 2455 DIo
1200 2414 1341 2457 Cass.
1360 2416 1484 2456 LVI.
1496 2425 1643 2468 324¹·
1674 2414 1821 2465 Liuia,
1852 2416 1906 2458 cf.
1926 2417 2026 2458 Dio
2047 2416 2190 2460 Cass.
2213 2419 2374 2459 LVIII.
2391 2430 2432 2460 2·

570 2496 805 2544 Claudius,
833 2493 889 2534 cf.
911 2490 1121 2533 DioCas
1136 2504 1167 2534 s.
1187 2493 1292 2533 LX.
1312 2491 1376 2533 16.
1396 2493 1471 2532 sed
1494 2494 1548 2533 ob
1570 2504 1632 2540 ea,
1664 2504 1773 2545 quae
1790 2493 1912 2533 idem
1932 2495 2034 2534 Dio
2052 2496 2157 2535 Lib.
2167 2497 2388 2536 XLVIII.
2405 2507 2432 2552 9

569 2583 615 2616 et
635 2572 751 2613 alibi
769 2578 964 2620 enarrat,
993 2581 1095 2625 prae
1115 2569 1326 2610 omnibus
1347 2570 1432 2610 inis
1455 2570 1652 2624 palmam
1673 2570 1822 2611 tulisse
1840 2571 2053 2613 Traianus
2074 2573 2167 2612 iure
2192 2571 2376 2612 videtur.

455 2649 547 2704 58.)
575 2649 631 2690 cf.
657 2648 879 2690 Sallust.
907 2646 1015 2688 Bell.
1045 2644 1247 2701 Iugurth.
1287 2646 1395 2700 Cap.
1422 2658 1492 2700 41.
1534 2668 1592 2680 —-
1635 2645 1725 2687 En!
1769 2648 1858 2688 iam
1892 2648 2014 2689 vides
2041 2648 2261 2697 Romam,
2305 2647 2431 2700 cuius

567 2727 720 2779 imago
744 2736 837 2764 non
868 2724 1069 2764 multum
1100 2722 1270 2762 abludit
1301 2722 1353 2762 ab
1384 2736 1458 2773 ea,
1502 2736 1636 2777 quam
1667 2736 1749 2764 suo
1790 2733 1988 2778 tempore
2024 2726 2222 2779 depinxit
2257 2726 2432 2780 Dupa-

569 2813 649 2856 ty,
692 2801 879 2842 Lettres
909 2815 984 2841 sur
1008 2798 1178 2840 l’Icalie
1208 2800 1318 2840 Tom.
1338 2801 1374 2840 I.
1400 2800 1504 2842 Lec.
1526 2812 1594 2856 44.
1615 2816 1720 2855 pag.
1740 2799 1835 2843 161.
1857 2801 1924 2842 his
1950 2802 2117 2845 verbist
2150 2783 2297 2865 91402?
2325 2801 2433 2842 c’est

569 2880 616 2921 la
634 2878 800 2920 Rome!
827 2897 881 2910 —
911 2876 1015 2917 Non
1042 2885 1158 2917 cette
1186 2876 1319 2926 ville,
1349 2891 1396 2918 ce
1419 2878 1532 2919 n'esc
1555 2894 1642 2931 pas
1661 2877 1798 2920 Rome
1808 2893 1822 2926 ,·
1852 2878 1959 2921 c'esc
1976 2895 2054 2922 son
2073 2881 2286 2921 cadnvre:
2317 2888 2433 2920 cette

569 2968 832 3006 campagne‚
862 2950 918 2995 οὶι
935 2951 1016 2992 olle
1040 2948 1134 3003 git,
1163 2961 1233 2994 esc
1261 2967 1340 2995 son
1368 2952 1592 3002 combeau5
1622 2963 1668 2996 ec
1695 2963 1812 2997 cette
1837 2956 2076 3009 populace,
2106 2955 2183 3009 qui
2203 2950 2432 3011 fourmc'lle

565 3046 624 3073 au
645 3030 793 3070 milieu
814 3028 966 3077 d'elle,
997 3027 1075 3068 des
1093 3041 1193 3068 vers
1207 3056 1219 3076 ‚
1249 3032 1325 3084 qui
1347 3030 1394 3072 la
1414 3028 1639 3074 devorent.

451 3109 546 3168 59.)
575 3108 628 3150 cf.
652 3105 792 3148 Plin.
817 3105 983 3158 Paneg.
1012 3102 1118 3156 Cap.
1141 3100 1208 3144 26.
