2910 3518
1394 235 1538 321 ‘345

444 377 516 419 ac
546 356 939 437 reliquorum
981 372 1128 414 cura
1172 353 1336 412 cirea
1377 371 1610 432 pueros
1648 364 1837 431 atque
1868 352 2142 433 puellae,
2179 373 2324 414 cnm
2353 376 2493 416 non

443 468 722 517 mentem
763 464 951 532 atque
993 452 1322 526 virtutem,
1380 449 1490 511 sed
1536 444 1766 530 corpus
1808 464 1997 532 atque
2037 453 2303 529 victum,
2350 474 2486 513 non

444 553 910 616 humanitatem
951 562 1014 609 et
1044 552 1289 623 Deum,
1341 547 1452 632 sed
1491 549 1813 609 ciuitatem
1857 562 1920 609 et
1959 551 2120 610 bella
2162 552 2483 631 spectaret,

444 663 743 712 nontam
775 646 998 710 efficax
1028 646 1182 722 fuit,
1223 667 1413 726 quam
1448 646 1584 707 visa
1616 651 1710 707 est
1740 645 1948 710 adhuc
1982 648 2228 722 multis,
2268 670 2385 710 nec
2415 651 2485 710 in

443 761 734 829 posteros
767 747 982 827 potuit
1003 747 1363 826 propagari,
1405 746 1650 804 etiamsi
1673 758 1908 820 essent,
1955 747 2067 825 qui
2092 767 2225 805 eam
2252 748 2486 808 veHent

448 859 903 907 conseruatam.
938 858 941 859 ’
981 846 1076 903 Ita
1096 844 1269 903 enim
1291 856 1422 902 erat
1443 855 1818 923 comparata,
1844 855 1912 903 vt
1931 831 2480 923 procedentete‘m-

448 965 609 1028 pore
638 964 720 1006 ex
748 945 895 1024 ipso
925 943 1229 1003 vitiorum
1260 940 1542 1001 remedio
1571 942 1725 1001 vitia
1759 955 2164 1002 nascerentur
2194 962 2380 1003 noua.

606 1135 947 1222 Quidquid
975 1136 1175 1215 igitur
1203 1135 1516 1196 Traianus
1539 1155 1609 1195 ac
1639 1135 1895 1212 reliqui,
1937 1136 2209 1213 quisque
2230 1156 2345 1216 pro
2369 1157 2487 1197 suo

455 1237 723 1317 ingenio
737 1282 752 1310 ,
795 1233 875 1294 ad
898 1233 1240 1294 sanandam
1266 1234 1540 1293 ciuitatis
1561 1236 1886 1294 Romanae
1918 1255 1987 1293 ac
2007 1236 2202 1295 totius
2225 1235 2356 1295 fere
2376 1237 2492 1294 im·

452 1336 621 1414 perii
656 1334 1064 1391 calamitatem
1099 1333 1514 1390 instituerunt
1546 1330 1629 1389 de
1655 1333 1898 1411 pueris,
1936 1352 2081 1392 meo
2112 1332 2372 1410 quidem
2394 1334 2489 1391 iu·

454 1432 654 1507 dicio,
705 1450 839 1490 non
881 1430 1358 1505 tantum-valet,
1406 1442 1716 1506 quantum
1755 1451 1879 1489 vna
1917 1431 2026 1490 illa
2069 1451 2199 1492 vox
2229 1430 2487 1506 Christi,

450 1543 618 1592 recte
647 1529 995 1589 intellecta:
1037 1529 1198 1598 ἄφετε
1223 1530 1291 1585 ταὶ
1313 1527 1491 1600 παιδία
1519 1527 1759 1606 ἔρχεσθαί
1783 1528 1913 1607 πρός
1938 1550 2012 1602 με,
2030 1531 2052 1559 ⁶
2069 1529 2126 1604 ³‘)

603 1728 741 1805 Ego
780 1743 931 1784 vero
970 1724 1058 1799 is,
1111 1721 1226 1799 qui
1255 1739 1423 1796 sum,
1474 1733 2001 1799 quantuscunque
2035 1741 2173 1781 sum
2208 1721 2287 1780 ad
2320 1720 2487 1805 iudi-

448 1821 774 1897 candum,-
799 1822 910 1880 illa
946 1823 1210 1892 virtute,
1251 1838 1375 1895 qua
1416 1820 1756 1894 antiquitas
1801 1818 2302 1892 commendatur,
2343 1819 2485 1878 dili-

447 1934 671 2000 genter
712 1920 1069 1991 obseruata,
1122 1918 1260 1974 sine
1293 1917 1469 1973 omni
1501 1915 1899 1975 dubitatione
1935 1918 2024 1975 sic
2055 1930 2260 1975 statuo
2292 1937 2363 1976 ac
2391 1918 2489 1975 iu-

448 2017 625 2094 dico,
677 2017 1006 2078 neminem
1058 2014 1373 2089 omnium,
1433 2024 1530 2074 tot
1575 2025 1639 2074 et
1685 2025 1883 2089 tanta,
1944 2025 2177 2092 quanta
2214 2026 2364 2074 sunt
2414 2014 2486 2074 in

616 2194 697 2237 der·
720 2192 919 2249 rugand,
947 2193 1072 2234 einen
1090 2190 1290 2247 gleichen
1313 2191 1489 2245 Vorzug
1504 2204 1585 2233 vor
1603 2191 1726 2233 ieder
1741 2191 1907 2233 andern
1927 2193 2138 2248 Religion
2153 2192 2262 2243 hat,
2290 2186 2398 2251 dal}
2413 2194 2487 2233 ein

620 2272 779 2313 Christ
795 2271 1025 2319 ve‘rdient,
1053 2284 1151 2311 vom
1169 2270 1380 2311 Socrates
1409 2268 1659 2310 hewundere
1680 2284 1730 2310 zu
1750 2269 1933 2311 werden.
1989 2272 2047 2311 At
2071 2283 2172 2310 vera
2199 2278 2327 2317 sunt,
2356 2288 2413 2301 -
2441 2278 2484 2310 et

615 2348 715 2402 quis
744 2356 810 2388 est
836 2359 859 2386 a
886 2346 1117 2393 literarum
1146 2345 1301 2385 studiis
1333 2358 1427 2384 non
1457 2344 1723 2394 abhorrens,
1764 2346 1840 2399 qui
1869 2345 1991 2385 hunc
2017 2348 2167 2385 virum
2200 2343 2401 2398 ignoret?
2430 2364 2487 2382 ,-

615 2437 728 2479 quae
747 2423 997 2462 Franciscus
1018 2422 1273 2476 Henriquez
1299 2420 1354 2460 de
1369 2420 1597 2460 vinnom
1627 2423 1648 2474 (
1664 2422 1813 2476 Opera
1833 2423 2084 2478 chirurgica
2102 2424 2273 2472 onmia,
2301 2404 2486 2462 Amseel.

619 2498 739 2555 1673.
754 2501 801 2539 in
813 2495 1000 2555 Praef.)
1028 2498 1216 2551 scripsit:
1246 2499 1336 2537 iam
1353 2498 1514 2537 dudum
1531 2512 1603 2536 res
1620 2511 1669 2538 eo
1688 2501 1905 2551 peruenit,
1934 2508 1988 2539 vc
2006 2500 2214 2539 neminem
2225 2495 2342 2558 fere,
2365 2499 2487 2554 quis-

616 2590 718 2617 nam
744 2579 837 2627 sic,
864 2590 1043 2617 noscere
1071 2577 1250 2628 possis,
1278 2577 1372 2615 nisi
1396 2588 1451 2614 ex
1480 2578 1680 2628 eorporis
1709 2585 1891 2618 externo
1916 2575 2077 2617 habitu
2105 2584 2185 2617 etc.
2242 2575 2365 2616 Idem
2392 2575 2484 2617 iam

611 2660 795 2709 questus
817 2660 881 2695 est
899 2651 1063 2695 Bened.
1082 2651 1251 2695 Accolc.
1269 2652 1441 2696 Aretin.
1468 2651 1514 2694 in
1537 2650 1743 2707 Dialogo
1770 2651 1827 2695 de
1851 2651 2141 2707 praestantia
2168 2650 2253 2694 vir.
2275 2652 2347 2693 sui
2365 2651 2485 2704 aeui,

610 2730 765 2772 atatim
784 2728 838 2771 ab
857 2729 1000 2772 initio.
1054 2728 1193 2771 Pauca
1215 2738 1394 2771 tantum
1412 2728 1639 2780 denbabo,
1670 2728 1757 2771 huc
1789 2728 2078 2783 potissimum
2107 2726 2328 2771 facientia:
2363 2729 2481 2787 Quo-

613 2819 731 2857 rum,
763 2805 932 2861 inquit,
962 2807 1065 2848 vica
1093 2820 1184 2847 cum
1212 2806 1418 2861 operibus
1443 2821 1545 2849 vere
1563 2803 1665 2864 fuit
1692 2804 2007 2857 admirabilis,
2035 2819 2178 2856 eorum
2197 2815 2412 2861 perpetua
2433 2814 2481 2847 eo

611 2883 801 2926 stabilis
810 2884 1059 2938 permansit
1075 2882 1239 2936 gloria,
1259 2898 1434 2938 quorum
1449 2899 1553 2926 vero
1561 2879 1726 2942 fucata
1736 2883 1955 2926 coloribus
1960 2879 2185 2942 falsarum
2194 2897 2333 2924 rerum
2336 2877 2478 2941 sama

607 2970 767 3003 exorta
790 2970 888 3013 esc,
917 2961 1024 3017 quia
1037 2954 1211 3020 fragili
1222 2957 1524 3020 fundamento
1547 2961 1801 3017 nitebatur,
1829 2963 1924 3007 cito
1945 2962 2141 3013 cort-uie,
2168 2968 2304 3016 aeque
2324 2959 2476 3004 obsca-

605 3046 714 3077 r'ata
736 3047 820 3078 est.

492 3109 588 3167 ⁶3.)
616 3113 671 3158 cf.
692 3113 931 3161 Maan.
955 3122 1020 3172 15.
1077 3112 1201 3156 Luc.
1221 3112 1401 3159 XVIII.
1423 3110 1490 3157 16.
