2910 3518
1377 220 1459 286 29

405 352 518 398 nes
537 334 741 398 fuerat
761 344 1120 414 propagata.
1144 342 1165 373 5
1176 336 1233 413 4)
1278 334 1593 398 ,Extincta
1614 351 1754 394 cum
1765 335 2022 396 Nerone
2044 344 2233 417 gente
2251 336 2430 414 lulis,

405 455 548 494 cum
569 432 824 512 imperii
849 430 1121 512 dignitas
1148 430 1436 491 nondum
1454 450 1573 511 pro
1605 432 1860 492 arbitrio
1890 433 2164 492 militum
2197 435 2427 514 cuique

402 533 749 613 plurimum
780 530 1049 595 licitanti
1080 528 1499 603 addiceretur,
1539 528 1652 589 sed
1687 531 1903 610 potius
1935 530 2281 590 traderetur
2310 533 2422 608 iis,

402 647 563 708 quos
585 647 799 688 omnes
820 639 1130 686 nouerant
1151 626 1526 686 fortitudine
1549 641 1734 706 atque
1746 629 1979 687 virtute
2001 627 2214 701 clarOS,
2252 648 2417 689 vnus

397 728 639 799 Nerua,
688 745 822 784 non
863 715 1205 783 abhorrens
1227 744 1278 791 va
1312 722 1649 802 disciplina
1691 710 2247 797 Christianorum,5
2266 728 2312 798 5)
2356 739 2417 784 et

398 826 511 905 qui
533 824 720 899 hujus
745 823 1109 880 auctoritate
1130 822 1202 878 in
1230 809 1443 900 ipsius,
1455 821 1665 904 locum
1698 804 2069 881 suecesserat
2098 821 2412 887 Traianus

393 924 762 989 necRomae
783 931 966 978 natus
989 937 1105 978 nec
1125 919 1382 978 inItalia
1404 919 1716 994 educatuS,
1759 920 1868 979 sed
1880 921 2189 1005 Hispania
2217 933 2412 988 ortus,

393 1033 457 1079 et
502 1032 659 1077 teste
697 1018 943 1090 Dione,
965 1023 987 1053 ⁵
1000 1019 1051 1091 ⁶)
1102 1016 1327 1075 amoris
1371 1017 1516 1095 plus
1568 1037 1754 1094 quam
1804 1017 2066 1075 honoris
2119 1016 2407 1095 cupidus,

393 1129 606 1175 contra
636 1115 806 1173 illam
827 1126 1096 1192 pestem,
1135 1113 1389 1192 longius
1419 1114 1730 1191 latiusque
1772 1127 2159 1192 serpentem,
2202 1134 2409 1191 prom-

441 1269 532 1322 54.)
560 1268 658 1306 Iam
675 1265 984 1316 Vespasianus,
1014 1272 1121 1303 teste
1139 1263 1314 1303 Dione
1334 1263 1437 1304 Lib.
1457 1264 1583 1304 LIX.
1607 1276 1671 1305 12.
1728 1264 1781 1304 cf.
1801 1246 1834 1304 „S
1847 1277 1875 1303 u
1888 1277 1910 1303 e
1923 1273 2030 1304 ton.
2051 1265 2223 1316 Vespas.
2250 1262 2358 1314 Cap.
2369 1271 2409 1317 5.

560 1345 596 1381 is
615 1351 678 1381 est
700 1341 939 1389 iudicatus,
968 1341 1042 1393 qui
1061 1340 1117 1378 sit
1136 1339 1454 1379 constituturus
1473 1353 1538 1380 res
1554 1340 1825 1393 perturbatas
1847 1349 1977 1393 atque
2004 1339 2218 1379 confusas.
2247 1359 2303 1370 —
2331 1339 2407 1377 Ti-

555 1427 658 1458 tum
676 1406 982 1468 compararunt
999 1414 1315 1468 cumAugusto
1328 1442 1341 1462 ,
1371 1416 1424 1454 cf.
1442 1416 1696 1457 DioCass.
1715 1418 1934 1457 LXXVI.
1959 1422 2022 1464 18.
2079 1417 2326 1466 Vtrumque
2346 1425 2407 1453 ta-

555 1507 662 1537 men
682 1492 784 1531 vicit
800 1492 1013 1539 Traianus
1032 1491 1280 1530 virtutibus.
1308 1491 1363 1533 cf.
1382 1491 1484 1531 Dio
1497 1491 1637 1532 Cass.
1654 1474 1825 1533 LXVI.
1839 1497 1880 1539 8.
1897 1505 1958 1533 10.
1980 1493 2176 1534 LXVII.
2196 1503 2258 1547 13.
2275 1500 2334 1545 15.
2346 1491 2406 1530 al.

440 1570 532 1628 55.)
559 1571 612 1610 cf.
642 1570 744 1609 Dio
774 1567 913 1608 Cass.
942 1566 1164 1609 LXVIII.
1202 1579 1238 1608 1.
1268 1586 1324 1599 -—
1351 1568 1672 1623 Peruulgatum
1701 1580 1791 1618 est,
1819 1570 1879 1609 ait
1907 1569 2199 1609 Reimarus
2227 1569 2281 1607 ad
2301 1567 2405 1608 Lib.

552 1646 750 1689 LXVII.
773 1655 836 1698 14.
895 1644 1162 1684 Christianos
1189 1646 1343 1696 primis
1372 1645 1644 1698 temporibus
1670 1646 1934 1685 ludaeorum
1954 1647 2139 1685 nomine
2158 1645 2261 1698 peti.
2318 1644 2405 1684 Re-

550 1721 819 1778 putabantur
846 1720 969 1759 enim
997 1732 1077 1773 pro
1102 1719 1293 1768 ludaeis,
1323 1721 1392 1760 vel
1419 1729 1533 1761 certe
1557 1732 1668 1761 secta
1692 1722 1888 1770 Iudaica,
1919 1721 2034 1775 qnod
2059 1734 2113 1760 ex
2131 1721 2297 1761 Iudaeis
2318 1720 2403 1761 orti

558 1807 725 1846 essent,
755 1797 873 1851 quod
893 1796 1072 1836 Iudaeos
1091 1783 1299 1836 haberent
1318 1799 1536 1845 doctores,
1565 1799 1681 1851 quod
1702 1798 1748 1837 in
1768 1798 1963 1837 doctrina
1983 1807 2027 1837 et
2046 1798 2226 1844 ritibus,
2257 1796 2404 1851 quoad

551 1876 780 1929 pleraque,
809 1873 1113 1912 conuenirent.
1171 1871 1242 1911 Ad
1270 1872 1450 1911 ludaeos
1479 1855 1668 1912 vere‘sic
1694 1874 1856 1922 dictos,
1886 1886 1932 1912 ea
1955 1882 2117 1920 aetate,
2149 1873 2403 1926 paucissimi

550 1951 888 1997 Romanorum,
926 1948 1181 2001 praesertim
1207 1947 1453 1999 nobilium,
1482 1948 1534 1988 ad
1563 1947 1831 1989 Christianos
1858 1930 2038 2002 plurimi
2067 1950 2330 1997 transibant,
2357 1956 2401 1987 et

550 2036 692 2069 totam
709 2024 950 2066 Clementis
970 2021 1187 2065 familiam
1210 2024 1342 2065 fuisse
1356 2023 1651 2067 Christianam
1669 2025 2048 2067 verisimillimum
2066 2034 2143 2068 est.
2200 2024 2254 2066 cf.
2276 2023 2304 2066 S
2318 2035 2400 2065 ue-

548 2112 658 2145 ton.
676 2102 828 2143 Claud.
851 2101 958 2155 Cap,
981 2109 1049 2156 25.

433 2178 526 2234 56.)
553 2179 605 2221 cf.
624 2179 725 2221 Dio
747 2176 884 2219 Cass.
903 2174 1123 2219 LXVIII.
1142 2188 1181 2232 7.
1205 2184 1249 2218 et
1269 2187 1338 2231 30.
1357 2175 1433 2231 qui
1451 2175 1641 2219 dissertis
1660 2176 1800 2219 verbis
1822 2177 1944 2219 dicit:
1973 2174 2139 2231 τςαῖανές
2157 2171 2342 2227 Oratianis
2360 2188 2398 2214 n

544 2248 584 2296 εἶν
609 2253 666 2294 s’x'
691 2252 808 2295 ἐντοῖς
837 2252 1057 2305 (ristulum)
1083 2253 1240 2303 μὶλλυ,
1269 2250 1288 2294 ἦ
1313 2251 1503 2303 τιμῶμενος
1522 2250 1652 2305 ξ’χαιςι.
1710 2254 1800 2295 Nec
1823 2255 2021 2296 dubiuln‘·
2043 2263 2256 2302 mouent,
2287 2263 2399 2308 quae

545 2332 753 2383 leguntur
775 2332 881 2384 Cap.
902 2341 969 2386 30.
997 2324 1314 2380 (μεγὶιληγοςῆσ-ις
1330 2326 1420 2381 152ng
1440 2329 1501 2368 ι’ὂι
1516 2328 1573 2369 καὶ
1592 2329 1895 2384 κατειργάσατο.)
1948 2332 2072 2373 Idem
2091 2331 2213 2372 enim
2232 2338 2275 2370 et
2291 2328 2396 2369 Pli-

544 2408 693 2455 nius,
722 2408 941 2462 Panegyr.
973 2406 1080 2460 Cap.
1098 2417 1165 2462 72.
1223 2407 1361 2447 Nihil
1384 2407 1570 2449 Traiano
1586 2422 1731 2450 amore
1751 2410 1908 2449 ciuium
1925 2410 2178 2463 antiquius,
2209 2405 2262 2448 cf.
2286 2405 2395 2459 Cap.

543 2489 600 2538 85
624 2500 720 2538 sqq.
779 2484 868 2524 Nec
897 2483 1008 2524 hanc
1029 2483 1202 2539 Traiani
1226 2466 1406 2523 laudem
1434 2493 1619 2536 possunt
1647 2484 1942 2535 imminuere,
1971 2498 2080 2539 quae
2108 2483 2238 2525 habet
2261 2482 2394 2523 Vict.

539 2563 669 2615 Epic.
696 2560 822 2602 XLI.
856 2572 920 2615 13.
973 2558 1218 2600 Traianum
1244 2558 1404 2599 scilicet
1433 2571 1455 2599 a
1484 2557 1774 2601 Constantino
1804 2561 1867 2601 M.
1894 2561 2069 2602 herbam
2095 2561 2394 2615 parietariam

540 2639 597 2677 ob
626 2639 775 2679 titulos
802 2639 969 2678 multos
1002 2633 1182 2676 aedibus
1212 2632 1441 2689 inscriptos
1472 2637 1742 2690 appellatum
1770 2636 1916 2678 fuisse.
1983 2637 2036 2677 cf.
2068 2636 2304 2678 wolfius
2336 2634 2389 2677 V.

543 2713 592 2753 Ο.
619 2714 649 2755 l.
669 2714 700 2753 l.
726 2729 771 2767 p.
792 2725 857 2769 13.
888 2712 963 2767 qui
991 2712 1201 2765 praeclare
1230 2711 1309 2750 hac
1339 2712 1392 2752 de
1423 2725 1467 2751 re
1497 2713 1709 2752 disseruit.
1739 2733 1794 2745 —
1823 2713 1942 2754 Vidit
1969 2727 2134 2766 nempe
2160 2711 2389 2760 Traianus,

537 2790 653 2845 quod
675 2799 780 2832 teste
799 2789 979 2829 Dione
997 2786 1357 2829 Lib.XXXVII.
1385 2799 1447 2830 12.
1466 2789 1611 2828 noluit
1627 2789 1776 2829 videre
1795 2789 2091 2839 Mithridates,
2120 2801 2255 2841 quem
2276 2797 2391 2828 cete-

536 2867 695 2922 roquin
725 2867 829 2907 dicit
854 2860 1056 2914 σοφᾶτατυ
1078 2849 1113 2907 ἔξ
1129 2862 1250 2903 ταίην
1272 2863 1323 2903 ταὶ
1342 2865 1518 2911 βασιλικαὶ
1538 2862 1719 2914 volpem».
1777 2866 1818 2906 Is
1845 2868 1967 2907 enim
1992 2879 2083 2907 non
2113 2866 2392 2906 animnduer.

539 2944 683 2994 tebet,
711 2943 822 2984 nihil
847 2955 990 2998 neque
1012 2954 1158 2993 arma,
1188 2942 1332 2995 neque
1353 2942 1696 2983 multitudinem
1724 2943 1893 2984 ciuium
1922 2943 2086 2992 valere,
2115 2945 2211 2987 sine
2231 2956 2390 2985 eorun-

536 3016 640 3058 dem
668 3029 826 3060 mutua
852 3018 1181 3066 beneuolentia;
1211 3019 1318 3072 quin
1346 3018 1492 3062 immo
1512 3018 1617 3061 haec
1643 3019 1761 3074 ipsa,
1790 3021 1828 3061 si
1855 3018 1967 3060 absit
1993 3018 2098 3061 fides
2107 3048 2122 3071 ,
2151 3030 2270 3062 tanto
2296 3032 2391 3063 esse

531 3096 860 3150 perniciosiora,
890 3106 1056 3149 quanto
1075 3105 1179 3138 sunt
1200 3095 1336 3150 plura.
