2910 3518
1425 229 1502 274 22

521 376 524 379 ⁴
604 345 784 430 Quae
835 365 980 406 cum
1025 345 1115 405 ita
1167 345 1323 422 sint,
1383 366 1530 407 vere
1576 344 1802 406 videor
1848 362 2038 428 posse
2079 347 2478 426 contendere,

446 444 611 504 hanc
646 444 1210 505 Alimentariorum
1256 444 1720 518 educationem,
1760 465 1879 504 nec
1920 465 2264 525 puerorum
2301 430 2482 513 insti-

447 544 762 602 tutionem
794 557 1131 624 spectasse,
1172 562 1291 601 nec
1323 541 1727 621 disciplinam
1758 533 2096 616 iuuenum,
2138 542 2250 604 sed
2287 543 2481 604 solam

448 642 998 715 nutritionem,
1042 659 1169 719 quo
1205 659 1396 700 sensu
1426 639 1590 698 illud
1618 639 1995 701 vocabulum
2025 639 2294 719 legimus
2329 654 2482 722 quo·

449 759 576 819 que
602 750 971 817 vsurpatum
997 756 1032 796 a
1054 736 1265 797 Plinio
1292 737 1539 812 majori,
1581 737 1721 815 qui:
1765 736 2211 812 Galactitis‚
2251 739 2478 818 inquit,

449 838 531 900 in
583 836 1052 895 educatione
1103 832 1548 895 nutricibus
1598 832 2480 894 lactis-foecunditatem

452 935 705 996 facere
739 932 1046 994 dicitur.
1078 935 1168 1008 ὀ)
2414 1004 2416 1006 ‚

539 1074 546 1077 -
603 1036 705 1094 Ex
744 1032 863 1092 hac
903 1032 1150 1091 ratione
1193 1030 1342 1091 satis
1388 1049 1643 1110 quoque
1673 1029 1949 1111 intelligi
1979 1048 2169 1110 posse
2198 1030 2484 1107 arbitror,
2545 1045 2548 1048 ’

452 1131 567 1211 qui
596 1129 732 1205 fiat,
771 1143 842 1190 vt
879 1130 951 1189 in
981 1128 1229 1208 legibus
1261 1127 1736 1208 distinguantur
1766 1128 2040 1188 relicta
2069 1129 2152 1188 in
2183 1128 2485 1190 alimen-

455 1244 555 1302 ta,
607 1229 684 1285 ab
730 1227 840 1300 iis,
894 1248 1053 1305 quae
1089 1225 1305 1283 relicta
1352 1238 1502 1284 sunt·
1539 1227 1620 1283 in
1662 1223 2185 1284 eruditionem
2221 1247 2486 1304 puero-

395 1338 399 1340 ’
452 1346 634 1385 rum.
666 1328 753 1398 ³¹)
837 1326 1044 1406 Quam
1079 1323 1503 1382 eruditionem
1536 1344 1679 1383 cum
1717 1324 2029 1380 alimentis
2060 1325 2323 1382 minime
2352 1342 2484 1383 esse

455 1419 1001 1494 confundendam,
1042 1431 1207 1480 recte
1245 1438 1501 1500 quoque
1536 1420 1890 1499 colligimus
1929 1439 2009 1480 ex
2040 1418 2149 1479 illa
2178 1423 2485 1500 pecuniae

455 1540 725 1593 summa,
767 1539 956 1600 quam
985 1518 1056 1577 in
1077 1530 1345 1596 vtroque
1371 1516 1484 1577 illo
1508 1530 1951 1592 munumento,
1990 1516 2244 1597 lapideo
2270 1518 2483 1595 altere,

455 1621 648 1679 altero
682 1638 762 1678 ex
794 1638 933 1676 aere
965 1616 1264 1689 conflat0‚
1306 1616 1575 1696 legimus
1610 1614 1815 1674 datam
1845 1618 2061 1696 pueris
2093 1630 2281 1697 atque
2310 1618 2486 1698 puel-

453 1719 533 1779 lis
566 1739 601 1777 a
633 1718 911 1778 Traiano
948 1727 1008 1774 et
1038 1715 1276 1789 Plinio,
1316 1715 1388 1773 in
1420 1713 1715 1774 alimenta
1746 1726 1992 1774 tantum
2022 1712 2437 1776 suffecturam.

610 1817 759 1899 Quo
791 1815 986 1895 igitur
1019 1812 1287 1873 consilio
1321 1811 1926 1891 Alimenta1iis·data
1956 1815 2086 1874 sint
2116 1813 2485 1875 haecbene-

451 1916 622 1989 ficia,
665 1934 810 1972 cum
845 1931 964 1970 nec
1007 1910 1246 1969 cultum
1286 1930 1527 1969 sacrum
1566 1925 1945 1991 spectarent,
1995 1932 2117 1971 nec
2146 1930 2485 1992 puerorum

444 2014 783 2077 ⁴orbitatem
831 2022 894 2069 et
936 2008 1385 2083 eruditionem,
1444 2007 1555 2067 sed
1598 2010 1991 2088 pertinerent
2030 2009 2222 2070 modo
2269 2009 2349 2069 ad
2396 2011 2485 2070 vi-

449 2125 653 2182 ctum;
704 2108 871 2167 hanc
914 2106 1406 2179 dubitationem,
1461 2126 1842 2186 quamquam
1881 2106 2219 2181 nullaest,
2275 2120 2485 2171 tamen
2522 2124 2536 2184 j

420 2217 533 2269 ‘ne
578 2227 704 2288 qua
748 2205 955 2286 possit
998 2223 1159 2277 esse,
1222 2202 1443 2263 tollere
1484 2202 1771 2264 studebo.
1863 2204 2217 2265 Voluerunt
2256 2226 2487 2286 nempe

449 2307 777 2385 Principes
810 2302 930 2363 hac
959 2303 1204 2363 ratione
1247 2301 1371 2362 sibi
1413 2321 1771 2382 comparare
1810 2302 1961 2364 belli
1994 2303 2381 2382 subsidia³²)
2414 2317 2487 2365 et

501 2497 597 2550 30.)
626 2497 679 2539 cf.
701 2496 842 2538 min.
863 2495 924 2536 H.
946 2496 1007 2538 N.
1027 2494 1136 2536 Lib:
1151 2494 1399 2537 XXXVII.
1425 2506 1487 2537 ιο.

498 2574 594 2626 31.)
623 2575 676 2615 cf.
694 2575 725 2614 l.
748 2584 839 2628 117.
859 2573 926 2614 D.
949 2572 1106 2625 (1σὶεὲ.
1129 2571 1454 2629 ecfideicomm.
1475 2573 1511 2611 Ι.
1531 2570 1582 2612 cf.
1601 2572 1787 2624 specim.
1809 2574 1867 2614 II.
1889 2582 1979 2616 noe.
2001 2571 2071 2627 64.
2090 2588 2194 2627 pag.
2213 2574 2283 2630 36.
2341 2572 2488 2629 Quor·

611 2662 749 2706 quam
770 2648 842 2692 Ka
857 2648 1022 2703 ppius
1045 2648 1100 2688 de
1118 2648 1381 2690 Alimentar.
1399 2662 1508 2703 pag.
1528 2658 1567 2704 7.
1587 2644 1785 2703 sequitur
1806 2651 2051 2700 rationem,
2078 2649 2195 2691 haud
2214 2649 2487 2706 probandam

609 2740 767 2770 censeo
780 2720 799 2776 ,'
821 2737 905 2768 nec
926 2723 993 2765 Cn
1007 2737 1081 2778 sp.
1101 2724 1134 2766 B
1148 2738 1167 2764 n
1181 2725 1324 2766 rthii
1354 2723 1651 2779 conjecturam
1678 2725 1731 2766 ab
1757 2726 1832 2766 illo
1852 2727 2089 2781 laudatam·
2144 2727 2318 2776 Eodem
2343 2739 2489 2769 erroro
2510 2768 2515 2771 ,

607 2818 714 2856 cum
734 2804 806 2849 his,
824 2802 1017 2843 laborare
1038 2801 1215 2842 videtur
1232 2802 1273 2841 D
1286 2816 1312 2841 u
1325 2803 1352 2842 k
1367 2815 1390 2841 e
1402 2816 1462 2842 ru
1475 2815 1494 2842 ε
1514 2802 1569 2842 de
1585 2784 1695 2843 Lat.
1714 2804 1926 2844 Iurecons.
1945 2821 2050 2860 pag.
2069 2815 2167 2860 445.

492 2862 585 2939 52.)⁸
611 2860 772 2937 Siquis
800 2879 1003 2921 hocloco
1037 2879 1098 2918 vti
1126 2879 1258 2918 vellet
1279 2879 1552 2934 argutiarum
1580 2881 1874 2930 commentis,
1904 2895 2012 2923 cum
2030 2896 2081 2923 ex
2103 2881 2280 2935 lapide,
2297 2881 2485 2934 Specim.

606 2962 668 3000 11.
688 2975 794 3013 pag,
816 2969 885 3010 2q.
917 2957 1076 3004 allato„
1109 2955 1248 3010 Nolae
1277 2957 1665 2998 alimenta-riorum
1694 2957 1891 2998 instituta
1914 2957 2357 3014 tutasqcontem-iant,
2386 2973 2485 3013 pos·

593 3045 660 3078 set
686 3036 772 3075 huc
793 3035 986 3082 trahere,
1017 3045 1154 3086 quem
1175 3045 1351 3072 morem
1374 3013 1585 3072 iuuenilis
1608 3046 1783 3087 pugnae
1805 3034 1859 3073 ab
1882 3034 2057 3087 antiqua
2080 3033 2358 3076 institutione
2382 3050 2483 3090 pro-

598 3113 772 3154 fectum
792 3111 943 3151 laudat
964 3109 1102 3150 Amb
1117 3124 1136 3148 r
1149 3109 1301 3149 osius
1322 3109 1390 3149 Le
1403 3119 1429 3148 o
1440 3135 1456 3156 ,
1484 3110 1640 3163 Anciq.
1669 3117 1714 3150 et
1735 3109 1916 3151 Hister.
1950 3110 2087 3155 Vrbis
2105 3112 2254 3165 Nota«
2272 3112 2378 3160 Lib.
2396 3114 2483 3155 HL
